{"ok": true, "asks": [{"price": 12017, "isBuy": false, "qty": 71}, {"price": 12041, "isBuy": false, "qty": 701}, {"price": 12087, "isBuy": false, "qty": 284}, {"price": 12090, "isBuy": false, "qty": 9193}, {"price": 12150, "isBuy": false, "qty": 9193}, {"price": 12210, "isBuy": false, "qty": 9193}], "bids": null, "symbol": "UNG", "venue": "NOBEX", "ts": "2016-03-15T05:01:59.416087128Z"}{"ok": true, "asks": null, "bids": [{"price": 11970, "isBuy": true, "qty": 852}, {"price": 11910, "isBuy": true, "qty": 852}, {"price": 11850, "isBuy": true, "qty": 852}], "symbol": "UNG", "venue": "NOBEX", "ts": "2016-03-15T05:02:01.75226624Z"}{"ok": true, "asks": null, "bids": [{"price": 11970, "isBuy": true, "qty": 852}, {"price": 11910, "isBuy": true, "qty": 852}, {"price": 11850, "isBuy": true, "qty": 852}], "symbol": "UNG", "venue": "NOBEX", "ts": "2016-03-15T05:02:04.109553711Z"}{"ok": true, "asks": [{"price": 7304, "isBuy": false, "qty": 210687}, {"price": 11866, "isBuy": false, "qty": 9403}, {"price": 11925, "isBuy": false, "qty": 9403}, {"price": 11984, "isBuy": false, "qty": 9403}], "bids": [{"price": 7268, "isBuy": true, "qty": 417}, {"price": 7232, "isBuy": true, "qty": 417}], "symbol": "UNG", "venue": "NOBEX", "ts": "2016-03-15T05:02:06.432650595Z"}{"ok": true, "asks": [{"price": 7304, "isBuy": false, "qty": 210687}, {"price": 11866, "isBuy": false, "qty": 9403}, {"price": 11925, "isBuy": false, "qty": 9403}, {"price": 11984, "isBuy": false, "qty": 9403}], "bids": [{"price": 7268, "isBuy": true, "qty": 417}, {"price": 7232, "isBuy": true, "qty": 417}], "symbol": "UNG", "venue": "NOBEX", "ts": "2016-03-15T05:02:09.105213118Z"}{"ok": true, "asks": [{"price": 11934, "isBuy": false, "qty": 9541}, {"price": 11993, "isBuy": false, "qty": 9541}, {"price": 12052, "isBuy": false, "qty": 9541}], "bids": [{"price": 11913, "isBuy": true, "qty": 497}], "symbol": "UNG", "venue": "NOBEX", "ts": "2016-03-15T05:02:11.441397917Z"}{"ok": true, "asks": [{"price": 11934, "isBuy": false, "qty": 9541}, {"price": 11993, "isBuy": false, "qty": 9541}, {"price": 12052, "isBuy": false, "qty": 9541}], "bids": [{"price": 11913, "isBuy": true, "qty": 497}], "symbol": "UNG", "venue": "NOBEX", "ts": "2016-03-15T05:02:13.614914486Z"}{"ok": true, "asks": [{"price": 12105, "isBuy": false, "qty": 9389}, {"price": 12165, "isBuy": false, "qty": 9389}, {"price": 12225, "isBuy": false, "qty": 9389}], "bids": null, "symbol": "UNG", "venue": "NOBEX", "ts": "2016-03-15T05:02:16.080260455Z"}{"ok": true, "asks": [{"price": 12105, "isBuy": false, "qty": 9389}, {"price": 12165, "isBuy": false, "qty": 9389}, {"price": 12225, "isBuy": false, "qty": 9389}], "bids": null, "symbol": "UNG", "venue": "NOBEX", "ts": "2016-03-15T05:02:18.988428033Z"}{"ok": true, "asks": [{"price": 11262, "isBuy": false, "qty": 161}, {"price": 11465, "isBuy": false, "qty": 9046}, {"price": 11522, "isBuy": false, "qty": 9046}, {"price": 11579, "isBuy": false, "qty": 9046}], "bids": [{"price": 11206, "isBuy": true, "qty": 954}, {"price": 11150, "isBuy": true, "qty": 954}, {"price": 11094, "isBuy": true, "qty": 954}], "symbol": "UNG", "venue": "NOBEX", "ts": "2016-03-15T05:02:22.170110123Z"}{"ok": true, "asks": [{"price": 11874, "isBuy": false, "qty": 8738}, {"price": 11933, "isBuy": false, "qty": 8738}, {"price": 11992, "isBuy": false, "qty": 8738}], "bids": null, "symbol": "UNG", "venue": "NOBEX", "ts": "2016-03-15T05:02:24.701625338Z"}{"ok": true, "asks": [{"price": 11874, "isBuy": false, "qty": 8738}, {"price": 11933, "isBuy": false, "qty": 8738}, {"price": 11992, "isBuy": false, "qty": 8738}], "bids": null, "symbol": "UNG", "venue": "NOBEX", "ts": "2016-03-15T05:02:26.990389929Z"}{"ok": true, "asks": [{"price": 11746, "isBuy": false, "qty": 8610}, {"price": 11804, "isBuy": false, "qty": 8610}, {"price": 11862, "isBuy": false, "qty": 8610}], "bids": [{"price": 11572, "isBuy": true, "qty": 1389}, {"price": 11514, "isBuy": true, "qty": 1389}], "symbol": "UNG", "venue": "NOBEX", "ts": "2016-03-15T05:02:29.364690133Z"}{"ok": true, "asks": [{"price": 11846, "isBuy": false, "qty": 8582}, {"price": 11904, "isBuy": false, "qty": 8582}, {"price": 11962, "isBuy": false, "qty": 8582}], "bids": [{"price": 11788, "isBuy": true, "qty": 73}, {"price": 11747, "isBuy": true, "qty": 365}, {"price": 11630, "isBuy": true, "qty": 1417}, {"price": 11572, "isBuy": true, "qty": 1417}, {"price": 11514, "isBuy": true, "qty": 1417}], "symbol": "UNG", "venue": "NOBEX", "ts": "2016-03-15T05:02:31.615946833Z"}{"ok": true, "asks": [{"price": 11846, "isBuy": false, "qty": 8582}, {"price": 11904, "isBuy": false, "qty": 8582}, {"price": 11962, "isBuy": false, "qty": 8582}], "bids": [{"price": 11788, "isBuy": true, "qty": 73}, {"price": 11747, "isBuy": true, "qty": 365}, {"price": 11630, "isBuy": true, "qty": 1417}, {"price": 11572, "isBuy": true, "qty": 1417}, {"price": 11514, "isBuy": true, "qty": 1417}], "symbol": "UNG", "venue": "NOBEX", "ts": "2016-03-15T05:02:33.783698588Z"}{"ok": true, "asks": [{"price": 12344, "isBuy": false, "qty": 8754}, {"price": 12405, "isBuy": false, "qty": 8754}, {"price": 12466, "isBuy": false, "qty": 8754}], "bids": [{"price": 12222, "isBuy": true, "qty": 1225}, {"price": 12161, "isBuy": true, "qty": 1225}, {"price": 12100, "isBuy": true, "qty": 1225}], "symbol": "UNG", "venue": "NOBEX", "ts": "2016-03-15T05:02:36.699495533Z"}{"ok": true, "asks": [{"price": 12406, "isBuy": false, "qty": 8774}, {"price": 12467, "isBuy": false, "qty": 8774}, {"price": 12528, "isBuy": false, "qty": 8774}], "bids": [{"price": 12284, "isBuy": true, "qty": 1118}, {"price": 12223, "isBuy": true, "qty": 1118}, {"price": 12162, "isBuy": true, "qty": 1118}], "symbol": "UNG", "venue": "NOBEX", "ts": "2016-03-15T05:02:39.689872072Z"}{"ok": true, "asks": [{"price": 12406, "isBuy": false, "qty": 8774}, {"price": 12467, "isBuy": false, "qty": 8774}, {"price": 12528, "isBuy": false, "qty": 8774}], "bids": [{"price": 12284, "isBuy": true, "qty": 1118}, {"price": 12223, "isBuy": true, "qty": 1118}, {"price": 12162, "isBuy": true, "qty": 1118}], "symbol": "UNG", "venue": "NOBEX", "ts": "2016-03-15T05:02:42.047280559Z"}{"ok": true, "asks": [{"price": 11880, "isBuy": false, "qty": 8960}, {"price": 11939, "isBuy": false, "qty": 9216}, {"price": 11998, "isBuy": false, "qty": 9216}, {"price": 12092, "isBuy": false, "qty": 20}], "bids": [{"price": 11703, "isBuy": true, "qty": 782}, {"price": 11644, "isBuy": true, "qty": 783}], "symbol": "UNG", "venue": "NOBEX", "ts": "2016-03-15T05:02:44.381883377Z"}{"ok": true, "asks": [{"price": 11880, "isBuy": false, "qty": 9216}, {"price": 11939, "isBuy": false, "qty": 9216}, {"price": 11998, "isBuy": false, "qty": 9216}], "bids": [{"price": 11703, "isBuy": true, "qty": 726}, {"price": 11644, "isBuy": true, "qty": 726}], "symbol": "UNG", "venue": "NOBEX", "ts": "2016-03-15T05:02:46.752129125Z"}{"ok": true, "asks": [{"price": 11880, "isBuy": false, "qty": 9216}, {"price": 11939, "isBuy": false, "qty": 9216}, {"price": 11998, "isBuy": false, "qty": 9216}], "bids": [{"price": 11703, "isBuy": true, "qty": 726}, {"price": 11644, "isBuy": true, "qty": 726}], "symbol": "UNG", "venue": "NOBEX", "ts": "2016-03-15T05:02:48.979640062Z"}{"ok": true, "asks": [{"price": 12110, "isBuy": false, "qty": 9147}, {"price": 12170, "isBuy": false, "qty": 9147}, {"price": 12230, "isBuy": false, "qty": 9147}], "bids": null, "symbol": "UNG", "venue": "NOBEX", "ts": "2016-03-15T05:02:51.371692377Z"}{"ok": true, "asks": [{"price": 12110, "isBuy": false, "qty": 9147}, {"price": 12170, "isBuy": false, "qty": 9147}, {"price": 12230, "isBuy": false, "qty": 9147}], "bids": null, "symbol": "UNG", "venue": "NOBEX", "ts": "2016-03-15T05:02:53.749723638Z"}{"ok": true, "asks": [{"price": 12544, "isBuy": false, "qty": 9307}, {"price": 12606, "isBuy": false, "qty": 9307}, {"price": 12668, "isBuy": false, "qty": 9307}], "bids": [{"price": 12420, "isBuy": true, "qty": 692}, {"price": 12358, "isBuy": true, "qty": 692}, {"price": 12296, "isBuy": true, "qty": 692}], "symbol": "UNG", "venue": "NOBEX", "ts": "2016-03-15T05:03:00.820516572Z"}{"ok": true, "asks": null, "bids": [{"price": 12115, "isBuy": true, "qty": 153}, {"price": 12055, "isBuy": true, "qty": 153}, {"price": 11995, "isBuy": true, "qty": 564}], "symbol": "UNG", "venue": "NOBEX", "ts": "2016-03-15T05:03:03.190842109Z"}{"ok": true, "asks": [{"price": 11690, "isBuy": false, "qty": 9522}, {"price": 11748, "isBuy": false, "qty": 9522}, {"price": 11806, "isBuy": false, "qty": 9522}, {"price": 12165, "isBuy": false, "qty": 287}, {"price": 12421, "isBuy": false, "qty": 482}], "bids": null, "symbol": "UNG", "venue": "NOBEX", "ts": "2016-03-15T05:03:05.359603992Z"}{"ok": true, "asks": [{"price": 11690, "isBuy": false, "qty": 9522}, {"price": 11748, "isBuy": false, "qty": 9522}, {"price": 11806, "isBuy": false, "qty": 9522}, {"price": 12165, "isBuy": false, "qty": 287}, {"price": 12421, "isBuy": false, "qty": 482}], "bids": null, "symbol": "UNG", "venue": "NOBEX", "ts": "2016-03-15T05:03:07.529109448Z"}{"ok": true, "asks": [{"price": 12007, "isBuy": false, "qty": 9274}, {"price": 12066, "isBuy": false, "qty": 9274}, {"price": 12125, "isBuy": false, "qty": 9274}], "bids": [{"price": 11889, "isBuy": true, "qty": 726}], "symbol": "UNG", "venue": "NOBEX", "ts": "2016-03-15T05:03:09.703769978Z"}{"ok": true, "asks": [{"price": 12007, "isBuy": false, "qty": 9274}, {"price": 12066, "isBuy": false, "qty": 9274}, {"price": 12125, "isBuy": false, "qty": 9274}], "bids": [{"price": 11889, "isBuy": true, "qty": 726}], "symbol": "UNG", "venue": "NOBEX", "ts": "2016-03-15T05:03:11.904568163Z"}{"ok": true, "asks": [{"price": 12007, "isBuy": false, "qty": 9274}, {"price": 12066, "isBuy": false, "qty": 9274}, {"price": 12125, "isBuy": false, "qty": 9274}], "bids": [{"price": 11889, "isBuy": true, "qty": 726}], "symbol": "UNG", "venue": "NOBEX", "ts": "2016-03-15T05:03:14.090095507Z"}{"ok": true, "asks": [{"price": 12279, "isBuy": false, "qty": 9113}, {"price": 12340, "isBuy": false, "qty": 9113}, {"price": 12401, "isBuy": false, "qty": 9113}], "bids": [{"price": 12157, "isBuy": true, "qty": 6}, {"price": 12096, "isBuy": true, "qty": 6}, {"price": 12035, "isBuy": true, "qty": 6}], "symbol": "UNG", "venue": "NOBEX", "ts": "2016-03-15T05:03:16.533838393Z"}{"ok": true, "asks": [{"price": 12279, "isBuy": false, "qty": 9113}, {"price": 12340, "isBuy": false, "qty": 9113}, {"price": 12401, "isBuy": false, "qty": 9113}], "bids": [{"price": 12157, "isBuy": true, "qty": 6}, {"price": 12096, "isBuy": true, "qty": 6}, {"price": 12035, "isBuy": true, "qty": 6}], "symbol": "UNG", "venue": "NOBEX", "ts": "2016-03-15T05:03:18.801061721Z"}{"ok": true, "asks": [{"price": 11792, "isBuy": false, "qty": 9177}, {"price": 11850, "isBuy": false, "qty": 9177}, {"price": 11908, "isBuy": false, "qty": 9177}], "bids": [{"price": 11676, "isBuy": true, "qty": 823}, {"price": 11618, "isBuy": true, "qty": 823}, {"price": 11560, "isBuy": true, "qty": 823}], "symbol": "UNG", "venue": "NOBEX", "ts": "2016-03-15T05:03:21.190163133Z"}{"ok": true, "asks": [{"price": 11792, "isBuy": false, "qty": 9177}, {"price": 11850, "isBuy": false, "qty": 9177}, {"price": 11908, "isBuy": false, "qty": 9177}], "bids": [{"price": 11676, "isBuy": true, "qty": 823}, {"price": 11618, "isBuy": true, "qty": 823}, {"price": 11560, "isBuy": true, "qty": 823}], "symbol": "UNG", "venue": "NOBEX", "ts": "2016-03-15T05:03:24.112054904Z"}{"ok": true, "asks": [{"price": 12364, "isBuy": false, "qty": 9002}, {"price": 12425, "isBuy": false, "qty": 9002}, {"price": 12486, "isBuy": false, "qty": 9002}], "bids": null, "symbol": "UNG", "venue": "NOBEX", "ts": "2016-03-15T05:03:26.630618833Z"}{"ok": true, "asks": [{"price": 12364, "isBuy": false, "qty": 9002}, {"price": 12425, "isBuy": false, "qty": 9002}, {"price": 12486, "isBuy": false, "qty": 9002}], "bids": null, "symbol": "UNG", "venue": "NOBEX", "ts": "2016-03-15T05:03:28.911234168Z"}{"ok": true, "asks": [{"price": 11955, "isBuy": false, "qty": 9039}, {"price": 12014, "isBuy": false, "qty": 9039}, {"price": 12073, "isBuy": false, "qty": 9039}], "bids": [{"price": 11778, "isBuy": true, "qty": 960}, {"price": 11719, "isBuy": true, "qty": 960}], "symbol": "UNG", "venue": "NOBEX", "ts": "2016-03-15T05:03:31.181657521Z"}{"ok": true, "asks": [{"price": 11955, "isBuy": false, "qty": 9039}, {"price": 12014, "isBuy": false, "qty": 9039}, {"price": 12073, "isBuy": false, "qty": 9039}], "bids": [{"price": 11778, "isBuy": true, "qty": 960}, {"price": 11719, "isBuy": true, "qty": 960}], "symbol": "UNG", "venue": "NOBEX", "ts": "2016-03-15T05:03:33.401500641Z"}{"ok": true, "asks": null, "bids": [{"price": 11641, "isBuy": true, "qty": 1125}, {"price": 11583, "isBuy": true, "qty": 1125}, {"price": 11525, "isBuy": true, "qty": 1125}], "symbol": "UNG", "venue": "NOBEX", "ts": "2016-03-15T05:03:36.11820918Z"}{"ok": true, "asks": null, "bids": [{"price": 11641, "isBuy": true, "qty": 1125}, {"price": 11583, "isBuy": true, "qty": 1125}, {"price": 11525, "isBuy": true, "qty": 1125}], "symbol": "UNG", "venue": "NOBEX", "ts": "2016-03-15T05:03:38.61355524Z"}{"ok": true, "asks": [{"price": 7441, "isBuy": false, "qty": 160217}, {"price": 11809, "isBuy": false, "qty": 9088}, {"price": 11867, "isBuy": false, "qty": 9088}, {"price": 11925, "isBuy": false, "qty": 9088}], "bids": [{"price": 7260, "isBuy": true, "qty": 911}], "symbol": "UNG", "venue": "NOBEX", "ts": "2016-03-15T05:03:41.378110151Z"}{"ok": true, "asks": [{"price": 7441, "isBuy": false, "qty": 160217}, {"price": 11809, "isBuy": false, "qty": 9088}, {"price": 11867, "isBuy": false, "qty": 9088}, {"price": 11925, "isBuy": false, "qty": 9088}], "bids": [{"price": 7260, "isBuy": true, "qty": 911}], "symbol": "UNG", "venue": "NOBEX", "ts": "2016-03-15T05:03:43.804224407Z"}{"ok": true, "asks": [{"price": 7564, "isBuy": false, "qty": 212580}, {"price": 12720, "isBuy": false, "qty": 9058}, {"price": 12783, "isBuy": false, "qty": 9058}, {"price": 12846, "isBuy": false, "qty": 9058}], "bids": [{"price": 7527, "isBuy": true, "qty": 941}, {"price": 7490, "isBuy": true, "qty": 941}], "symbol": "UNG", "venue": "NOBEX", "ts": "2016-03-15T05:03:45.983096295Z"}{"ok": true, "asks": [{"price": 7564, "isBuy": false, "qty": 212580}, {"price": 12720, "isBuy": false, "qty": 9058}, {"price": 12783, "isBuy": false, "qty": 9058}, {"price": 12846, "isBuy": false, "qty": 9058}], "bids": [{"price": 7527, "isBuy": true, "qty": 941}, {"price": 7490, "isBuy": true, "qty": 941}], "symbol": "UNG", "venue": "NOBEX", "ts": "2016-03-15T05:03:48.135041956Z"}{"ok": true, "asks": [{"price": 11644, "isBuy": false, "qty": 8982}, {"price": 11701, "isBuy": false, "qty": 8982}, {"price": 11758, "isBuy": false, "qty": 8982}], "bids": [{"price": 11530, "isBuy": true, "qty": 941}, {"price": 11473, "isBuy": true, "qty": 941}, {"price": 11416, "isBuy": true, "qty": 941}], "symbol": "UNG", "venue": "NOBEX", "ts": "2016-03-15T05:03:50.785701732Z"}{"ok": true, "asks": [{"price": 11644, "isBuy": false, "qty": 8982}, {"price": 11701, "isBuy": false, "qty": 8982}, {"price": 11758, "isBuy": false, "qty": 8982}], "bids": [{"price": 11530, "isBuy": true, "qty": 941}, {"price": 11473, "isBuy": true, "qty": 941}, {"price": 11416, "isBuy": true, "qty": 941}], "symbol": "UNG", "venue": "NOBEX", "ts": "2016-03-15T05:03:53.145856521Z"}{"ok": true, "asks": [{"price": 11650, "isBuy": false, "qty": 8751}, {"price": 11707, "isBuy": false, "qty": 8751}, {"price": 11764, "isBuy": false, "qty": 8751}], "bids": [{"price": 11536, "isBuy": true, "qty": 1119}, {"price": 11479, "isBuy": true, "qty": 1119}, {"price": 11422, "isBuy": true, "qty": 1119}], "symbol": "UNG", "venue": "NOBEX", "ts": "2016-03-15T05:03:55.504844282Z"}{"ok": true, "asks": [{"price": 11650, "isBuy": false, "qty": 8751}, {"price": 11707, "isBuy": false, "qty": 8751}, {"price": 11764, "isBuy": false, "qty": 8751}], "bids": [{"price": 11536, "isBuy": true, "qty": 1119}, {"price": 11479, "isBuy": true, "qty": 1119}, {"price": 11422, "isBuy": true, "qty": 1119}], "symbol": "UNG", "venue": "NOBEX", "ts": "2016-03-15T05:03:57.977335199Z"}{"ok": true, "asks": [{"price": 12133, "isBuy": false, "qty": 8684}, {"price": 12193, "isBuy": false, "qty": 8684}, {"price": 12253, "isBuy": false, "qty": 8684}], "bids": [{"price": 12013, "isBuy": true, "qty": 1191}, {"price": 11953, "isBuy": true, "qty": 1191}, {"price": 11893, "isBuy": true, "qty": 1191}], "symbol": "UNG", "venue": "NOBEX", "ts": "2016-03-15T05:04:00.236114844Z"}{"ok": true, "asks": [{"price": 12133, "isBuy": false, "qty": 8684}, {"price": 12193, "isBuy": false, "qty": 8684}, {"price": 12253, "isBuy": false, "qty": 8684}], "bids": [{"price": 12013, "isBuy": true, "qty": 1191}, {"price": 11953, "isBuy": true, "qty": 1191}, {"price": 11893, "isBuy": true, "qty": 1191}], "symbol": "UNG", "venue": "NOBEX", "ts": "2016-03-15T05:04:03.029433288Z"}{"ok": true, "asks": [{"price": 12450, "isBuy": false, "qty": 9176}, {"price": 12511, "isBuy": false, "qty": 9176}, {"price": 12572, "isBuy": false, "qty": 9176}], "bids": [{"price": 12328, "isBuy": true, "qty": 764}, {"price": 12267, "isBuy": true, "qty": 764}], "symbol": "UNG", "venue": "NOBEX", "ts": "2016-03-15T05:04:05.904964919Z"}{"ok": true, "asks": [{"price": 12450, "isBuy": false, "qty": 9176}, {"price": 12511, "isBuy": false, "qty": 9176}, {"price": 12572, "isBuy": false, "qty": 9176}], "bids": [{"price": 12328, "isBuy": true, "qty": 764}, {"price": 12267, "isBuy": true, "qty": 764}], "symbol": "UNG", "venue": "NOBEX", "ts": "2016-03-15T05:04:08.409952913Z"}{"ok": true, "asks": [{"price": 12818, "isBuy": false, "qty": 9235}, {"price": 12881, "isBuy": false, "qty": 9235}, {"price": 12944, "isBuy": false, "qty": 9235}], "bids": [{"price": 12692, "isBuy": true, "qty": 535}, {"price": 12629, "isBuy": true, "qty": 535}, {"price": 12566, "isBuy": true, "qty": 535}], "symbol": "UNG", "venue": "NOBEX", "ts": "2016-03-15T05:04:10.631516742Z"}{"ok": true, "asks": [{"price": 12818, "isBuy": false, "qty": 9235}, {"price": 12881, "isBuy": false, "qty": 9235}, {"price": 12944, "isBuy": false, "qty": 9235}], "bids": [{"price": 12692, "isBuy": true, "qty": 535}, {"price": 12629, "isBuy": true, "qty": 535}, {"price": 12566, "isBuy": true, "qty": 535}], "symbol": "UNG", "venue": "NOBEX", "ts": "2016-03-15T05:04:12.882075699Z"}