{"ok": true, "asks": [{"price": 5983, "isBuy": false, "qty": 175000}, {"price": 10486, "isBuy": false, "qty": 7781}, {"price": 10538, "isBuy": false, "qty": 7781}, {"price": 10590, "isBuy": false, "qty": 7781}], "bids": [{"price": 5954, "isBuy": true, "qty": 1623}, {"price": 5925, "isBuy": true, "qty": 1623}, {"price": 5896, "isBuy": true, "qty": 1623}], "symbol": "MEC", "venue": "OAMMEX", "ts": "2016-03-14T23:57:52.540386897Z"}{"ok": true, "asks": [{"price": 5983, "isBuy": false, "qty": 175000}, {"price": 10486, "isBuy": false, "qty": 7781}, {"price": 10538, "isBuy": false, "qty": 7781}, {"price": 10590, "isBuy": false, "qty": 7781}], "bids": [{"price": 5954, "isBuy": true, "qty": 1623}, {"price": 5925, "isBuy": true, "qty": 1623}, {"price": 5896, "isBuy": true, "qty": 1623}], "symbol": "MEC", "venue": "OAMMEX", "ts": "2016-03-14T23:57:53.135962143Z"}{"ok": true, "asks": [{"price": 5983, "isBuy": false, "qty": 175000}, {"price": 10486, "isBuy": false, "qty": 7781}, {"price": 10538, "isBuy": false, "qty": 7781}, {"price": 10590, "isBuy": false, "qty": 7781}], "bids": [{"price": 5954, "isBuy": true, "qty": 1623}, {"price": 5925, "isBuy": true, "qty": 1623}, {"price": 5896, "isBuy": true, "qty": 1623}], "symbol": "MEC", "venue": "OAMMEX", "ts": "2016-03-14T23:57:53.729678564Z"}{"ok": true, "asks": [{"price": 5983, "isBuy": false, "qty": 175000}, {"price": 10486, "isBuy": false, "qty": 7781}, {"price": 10538, "isBuy": false, "qty": 7781}, {"price": 10590, "isBuy": false, "qty": 7781}], "bids": [{"price": 5954, "isBuy": true, "qty": 1623}, {"price": 5925, "isBuy": true, "qty": 1623}, {"price": 5896, "isBuy": true, "qty": 1623}], "symbol": "MEC", "venue": "OAMMEX", "ts": "2016-03-14T23:57:54.323381424Z"}{"ok": true, "asks": [{"price": 5983, "isBuy": false, "qty": 175000}, {"price": 10486, "isBuy": false, "qty": 7781}, {"price": 10538, "isBuy": false, "qty": 7781}, {"price": 10590, "isBuy": false, "qty": 7781}], "bids": [{"price": 5954, "isBuy": true, "qty": 1623}, {"price": 5925, "isBuy": true, "qty": 1623}, {"price": 5896, "isBuy": true, "qty": 1623}], "symbol": "MEC", "venue": "OAMMEX", "ts": "2016-03-14T23:57:54.922785987Z"}{"ok": true, "asks": [{"price": 5983, "isBuy": false, "qty": 175000}, {"price": 10486, "isBuy": false, "qty": 7781}, {"price": 10538, "isBuy": false, "qty": 7781}, {"price": 10590, "isBuy": false, "qty": 7781}], "bids": [{"price": 5954, "isBuy": true, "qty": 1623}, {"price": 5925, "isBuy": true, "qty": 1623}, {"price": 5896, "isBuy": true, "qty": 1623}], "symbol": "MEC", "venue": "OAMMEX", "ts": "2016-03-14T23:57:55.534749218Z"}{"ok": true, "asks": [{"price": 10542, "isBuy": false, "qty": 8376}, {"price": 10594, "isBuy": false, "qty": 8376}, {"price": 10646, "isBuy": false, "qty": 8376}], "bids": null, "symbol": "MEC", "venue": "OAMMEX", "ts": "2016-03-14T23:57:56.13061101Z"}{"ok": true, "asks": [{"price": 10542, "isBuy": false, "qty": 8376}, {"price": 10594, "isBuy": false, "qty": 8376}, {"price": 10646, "isBuy": false, "qty": 8376}], "bids": null, "symbol": "MEC", "venue": "OAMMEX", "ts": "2016-03-14T23:57:56.721965898Z"}{"ok": true, "asks": [{"price": 10542, "isBuy": false, "qty": 8376}, {"price": 10594, "isBuy": false, "qty": 8376}, {"price": 10646, "isBuy": false, "qty": 8376}], "bids": null, "symbol": "MEC", "venue": "OAMMEX", "ts": "2016-03-14T23:57:57.313655304Z"}{"ok": true, "asks": [{"price": 10542, "isBuy": false, "qty": 8376}, {"price": 10594, "isBuy": false, "qty": 8376}, {"price": 10646, "isBuy": false, "qty": 8376}], "bids": null, "symbol": "MEC", "venue": "OAMMEX", "ts": "2016-03-14T23:57:57.911831282Z"}{"ok": true, "asks": [{"price": 10542, "isBuy": false, "qty": 8376}, {"price": 10594, "isBuy": false, "qty": 8376}, {"price": 10646, "isBuy": false, "qty": 8376}], "bids": null, "symbol": "MEC", "venue": "OAMMEX", "ts": "2016-03-14T23:57:58.511775592Z"}{"ok": true, "asks": [{"price": 10542, "isBuy": false, "qty": 8376}, {"price": 10594, "isBuy": false, "qty": 8376}, {"price": 10646, "isBuy": false, "qty": 8376}], "bids": null, "symbol": "MEC", "venue": "OAMMEX", "ts": "2016-03-14T23:57:59.115803183Z"}{"ok": true, "asks": [{"price": 10542, "isBuy": false, "qty": 8376}, {"price": 10594, "isBuy": false, "qty": 8376}, {"price": 10646, "isBuy": false, "qty": 8376}], "bids": null, "symbol": "MEC", "venue": "OAMMEX", "ts": "2016-03-14T23:57:59.723763945Z"}{"ok": true, "asks": [{"price": 10542, "isBuy": false, "qty": 8376}, {"price": 10594, "isBuy": false, "qty": 8376}, {"price": 10646, "isBuy": false, "qty": 8376}], "bids": null, "symbol": "MEC", "venue": "OAMMEX", "ts": "2016-03-14T23:58:00.31966807Z"}