[{"ok": true, "asks": [{"price": 6880, "isBuy": false, "qty": 6969}, {"price": 6914, "isBuy": false, "qty": 6969}, {"price": 6948, "isBuy": false, "qty": 6969}], "bids": null, "symbol": "FDH", "venue": "IDRVEX", "ts": "2016-04-23T09:07:57.456355832Z"}, {"ok": true, "asks": [{"price": 6880, "isBuy": false, "qty": 6969}, {"price": 6914, "isBuy": false, "qty": 6969}, {"price": 6948, "isBuy": false, "qty": 6969}], "bids": null, "symbol": "FDH", "venue": "IDRVEX", "ts": "2016-04-23T09:07:58.212500708Z"}, {"ok": true, "asks": [{"price": 6880, "isBuy": false, "qty": 6969}, {"price": 6914, "isBuy": false, "qty": 6969}, {"price": 6948, "isBuy": false, "qty": 6969}], "bids": null, "symbol": "FDH", "venue": "IDRVEX", "ts": "2016-04-23T09:08:01.521032251Z"}, {"ok": true, "asks": [{"price": 7072, "isBuy": false, "qty": 6904}, {"price": 7107, "isBuy": false, "qty": 6904}, {"price": 7142, "isBuy": false, "qty": 6904}], "bids": null, "symbol": "FDH", "venue": "IDRVEX", "ts": "2016-04-23T09:08:04.867467724Z"}, {"ok": true, "asks": [{"price": 7011, "isBuy": false, "qty": 6139}, {"price": 7045, "isBuy": false, "qty": 6850}, {"price": 7079, "isBuy": false, "qty": 6850}], "bids": [{"price": 6943, "isBuy": true, "qty": 3149}, {"price": 6909, "isBuy": true, "qty": 3149}, {"price": 6875, "isBuy": true, "qty": 3149}], "symbol": "FDH", "venue": "IDRVEX", "ts": "2016-04-23T09:08:08.210026937Z"}, {"ok": true, "asks": [{"price": 7011, "isBuy": false, "qty": 6139}, {"price": 7045, "isBuy": false, "qty": 6850}, {"price": 7079, "isBuy": false, "qty": 6850}], "bids": [{"price": 6943, "isBuy": true, "qty": 3149}, {"price": 6909, "isBuy": true, "qty": 3149}, {"price": 6909, "isBuy": true, "qty": 672}, {"price": 6875, "isBuy": true, "qty": 3149}], "symbol": "FDH", "venue": "IDRVEX", "ts": "2016-04-23T09:08:11.60485276Z"}, {"ok": true, "asks": [{"price": 7004, "isBuy": false, "qty": 7050}, {"price": 7038, "isBuy": false, "qty": 6746}, {"price": 7072, "isBuy": false, "qty": 6746}], "bids": [{"price": 6936, "isBuy": true, "qty": 33}, {"price": 6909, "isBuy": true, "qty": 619}, {"price": 6902, "isBuy": true, "qty": 2949}, {"price": 6868, "isBuy": true, "qty": 2949}], "symbol": "FDH", "venue": "IDRVEX", "ts": "2016-04-23T09:08:12.072360481Z"}, {"ok": true, "asks": [{"price": 7004, "isBuy": false, "qty": 7050}, {"price": 7038, "isBuy": false, "qty": 6746}, {"price": 7072, "isBuy": false, "qty": 6746}], "bids": [{"price": 6936, "isBuy": true, "qty": 33}, {"price": 6909, "isBuy": true, "qty": 619}, {"price": 6902, "isBuy": true, "qty": 2949}, {"price": 6868, "isBuy": true, "qty": 2949}], "symbol": "FDH", "venue": "IDRVEX", "ts": "2016-04-23T09:08:12.946658435Z"}, {"ok": true, "asks": [{"price": 7004, "isBuy": false, "qty": 7050}, {"price": 7038, "isBuy": false, "qty": 6746}, {"price": 7072, "isBuy": false, "qty": 6746}], "bids": [{"price": 6936, "isBuy": true, "qty": 33}, {"price": 6909, "isBuy": true, "qty": 619}, {"price": 6902, "isBuy": true, "qty": 2949}, {"price": 6868, "isBuy": true, "qty": 2949}], "symbol": "FDH", "venue": "IDRVEX", "ts": "2016-04-23T09:08:14.298074149Z"}, {"ok": true, "asks": [{"price": 7004, "isBuy": false, "qty": 7050}, {"price": 7038, "isBuy": false, "qty": 6746}, {"price": 7038, "isBuy": false, "qty": 832}, {"price": 7072, "isBuy": false, "qty": 6746}], "bids": [{"price": 6936, "isBuy": true, "qty": 33}, {"price": 6909, "isBuy": true, "qty": 619}, {"price": 6902, "isBuy": true, "qty": 2949}, {"price": 6868, "isBuy": true, "qty": 2949}], "symbol": "FDH", "venue": "IDRVEX", "ts": "2016-04-23T09:08:15.66480235Z"}, {"ok": true, "asks": [{"price": 7004, "isBuy": false, "qty": 7050}, {"price": 7038, "isBuy": false, "qty": 6746}, {"price": 7038, "isBuy": false, "qty": 832}, {"price": 7072, "isBuy": false, "qty": 6746}], "bids": [{"price": 6936, "isBuy": true, "qty": 33}, {"price": 6909, "isBuy": true, "qty": 619}, {"price": 6902, "isBuy": true, "qty": 2949}, {"price": 6868, "isBuy": true, "qty": 2949}], "symbol": "FDH", "venue": "IDRVEX", "ts": "2016-04-23T09:08:15.827365295Z"}, {"ok": true, "asks": [{"price": 7004, "isBuy": false, "qty": 7050}, {"price": 7038, "isBuy": false, "qty": 6746}, {"price": 7038, "isBuy": false, "qty": 832}, {"price": 7072, "isBuy": false, "qty": 6746}], "bids": [{"price": 6936, "isBuy": true, "qty": 33}, {"price": 6909, "isBuy": true, "qty": 619}, {"price": 6902, "isBuy": true, "qty": 2949}, {"price": 6868, "isBuy": true, "qty": 2949}], "symbol": "FDH", "venue": "IDRVEX", "ts": "2016-04-23T09:08:15.915216818Z"}, {"ok": true, "asks": [{"price": 7018, "isBuy": false, "qty": 7236}, {"price": 7038, "isBuy": false, "qty": 832}, {"price": 7052, "isBuy": false, "qty": 7236}, {"price": 7086, "isBuy": false, "qty": 7236}], "bids": [{"price": 6950, "isBuy": true, "qty": 2742}, {"price": 6916, "isBuy": true, "qty": 2742}, {"price": 6882, "isBuy": true, "qty": 2742}], "symbol": "FDH", "venue": "IDRVEX", "ts": "2016-04-23T09:08:17.188112984Z"}, {"ok": true, "asks": [{"price": 7018, "isBuy": false, "qty": 7236}, {"price": 7038, "isBuy": false, "qty": 832}, {"price": 7052, "isBuy": false, "qty": 7236}, {"price": 7086, "isBuy": false, "qty": 7236}], "bids": [{"price": 6950, "isBuy": true, "qty": 2742}, {"price": 6916, "isBuy": true, "qty": 2742}, {"price": 6882, "isBuy": true, "qty": 2742}], "symbol": "FDH", "venue": "IDRVEX", "ts": "2016-04-23T09:08:18.319042887Z"}, {"ok": true, "asks": [{"price": 7018, "isBuy": false, "qty": 7236}, {"price": 7038, "isBuy": false, "qty": 832}, {"price": 7052, "isBuy": false, "qty": 7236}, {"price": 7086, "isBuy": false, "qty": 7236}], "bids": [{"price": 6950, "isBuy": true, "qty": 2742}, {"price": 6916, "isBuy": true, "qty": 2742}, {"price": 6882, "isBuy": true, "qty": 2742}], "symbol": "FDH", "venue": "IDRVEX", "ts": "2016-04-23T09:08:18.562471129Z"}, {"ok": true, "asks": [{"price": 7018, "isBuy": false, "qty": 7236}, {"price": 7038, "isBuy": false, "qty": 832}, {"price": 7052, "isBuy": false, "qty": 7236}, {"price": 7086, "isBuy": false, "qty": 7236}], "bids": [{"price": 6950, "isBuy": true, "qty": 2742}, {"price": 6916, "isBuy": true, "qty": 2742}, {"price": 6882, "isBuy": true, "qty": 2742}], "symbol": "FDH", "venue": "IDRVEX", "ts": "2016-04-23T09:08:19.924519416Z"}, {"ok": true, "asks": [{"price": 7018, "isBuy": false, "qty": 7236}, {"price": 7038, "isBuy": false, "qty": 832}, {"price": 7052, "isBuy": false, "qty": 7236}, {"price": 7086, "isBuy": false, "qty": 7236}], "bids": [{"price": 6950, "isBuy": true, "qty": 2742}, {"price": 6916, "isBuy": true, "qty": 2742}, {"price": 6882, "isBuy": true, "qty": 2742}], "symbol": "FDH", "venue": "IDRVEX", "ts": "2016-04-23T09:08:21.293571541Z"}, {"ok": true, "asks": [{"price": 7018, "isBuy": false, "qty": 7236}, {"price": 7038, "isBuy": false, "qty": 832}, {"price": 7052, "isBuy": false, "qty": 7236}, {"price": 7086, "isBuy": false, "qty": 7236}], "bids": [{"price": 6950, "isBuy": true, "qty": 2742}, {"price": 6916, "isBuy": true, "qty": 2742}, {"price": 6882, "isBuy": true, "qty": 2742}], "symbol": "FDH", "venue": "IDRVEX", "ts": "2016-04-23T09:08:21.657820056Z"}, {"ok": true, "asks": [{"price": 7038, "isBuy": false, "qty": 832}], "bids": [{"price": 6885, "isBuy": true, "qty": 2712}, {"price": 6851, "isBuy": true, "qty": 2712}, {"price": 6817, "isBuy": true, "qty": 2712}], "symbol": "FDH", "venue": "IDRVEX", "ts": "2016-04-23T09:08:22.673190121Z"}, {"ok": true, "asks": [{"price": 7038, "isBuy": false, "qty": 832}], "bids": [{"price": 6885, "isBuy": true, "qty": 2712}, {"price": 6851, "isBuy": true, "qty": 2712}, {"price": 6817, "isBuy": true, "qty": 2712}], "symbol": "FDH", "venue": "IDRVEX", "ts": "2016-04-23T09:08:24.044267208Z"}, {"ok": true, "asks": [{"price": 7038, "isBuy": false, "qty": 832}], "bids": [{"price": 6885, "isBuy": true, "qty": 2712}, {"price": 6851, "isBuy": true, "qty": 2712}, {"price": 6817, "isBuy": true, "qty": 2712}], "symbol": "FDH", "venue": "IDRVEX", "ts": "2016-04-23T09:08:25.015688279Z"}, {"ok": true, "asks": [{"price": 7038, "isBuy": false, "qty": 832}], "bids": [{"price": 6885, "isBuy": true, "qty": 2712}, {"price": 6851, "isBuy": true, "qty": 2712}, {"price": 6817, "isBuy": true, "qty": 2712}], "symbol": "FDH", "venue": "IDRVEX", "ts": "2016-04-23T09:08:25.419521404Z"}, {"ok": true, "asks": [{"price": 6864, "isBuy": false, "qty": 6883}, {"price": 6898, "isBuy": false, "qty": 7193}, {"price": 6932, "isBuy": false, "qty": 7193}, {"price": 7038, "isBuy": false, "qty": 110}], "bids": [{"price": 6796, "isBuy": true, "qty": 170}, {"price": 6762, "isBuy": true, "qty": 170}, {"price": 6728, "isBuy": true, "qty": 170}], "symbol": "FDH", "venue": "IDRVEX", "ts": "2016-04-23T09:08:26.778059206Z"}, {"ok": true, "asks": [{"price": 7038, "isBuy": false, "qty": 110}], "bids": [{"price": 6796, "isBuy": true, "qty": 2667}, {"price": 6762, "isBuy": true, "qty": 2667}, {"price": 6728, "isBuy": true, "qty": 2667}], "symbol": "FDH", "venue": "IDRVEX", "ts": "2016-04-23T09:08:28.146261927Z"}, {"ok": true, "asks": null, "bids": [{"price": 6851, "isBuy": true, "qty": 584}, {"price": 6796, "isBuy": true, "qty": 2667}, {"price": 6762, "isBuy": true, "qty": 2667}, {"price": 6728, "isBuy": true, "qty": 2667}], "symbol": "FDH", "venue": "IDRVEX", "ts": "2016-04-23T09:08:29.043861398Z"}, {"ok": true, "asks": null, "bids": [{"price": 6851, "isBuy": true, "qty": 584}, {"price": 6796, "isBuy": true, "qty": 2667}, {"price": 6762, "isBuy": true, "qty": 2667}, {"price": 6728, "isBuy": true, "qty": 2667}], "symbol": "FDH", "venue": "IDRVEX", "ts": "2016-04-23T09:08:29.520144301Z"}, {"ok": true, "asks": null, "bids": [{"price": 9535, "isBuy": true, "qty": 8434}, {"price": 6796, "isBuy": true, "qty": 61}, {"price": 6559, "isBuy": true, "qty": 2680}, {"price": 6527, "isBuy": true, "qty": 2680}, {"price": 6495, "isBuy": true, "qty": 2680}], "symbol": "FDH", "venue": "IDRVEX", "ts": "2016-04-23T09:08:32.257819919Z"}, {"ok": true, "asks": null, "bids": [{"price": 9535, "isBuy": true, "qty": 8434}, {"price": 6796, "isBuy": true, "qty": 61}, {"price": 6559, "isBuy": true, "qty": 2680}, {"price": 6527, "isBuy": true, "qty": 2680}, {"price": 6495, "isBuy": true, "qty": 2680}], "symbol": "FDH", "venue": "IDRVEX", "ts": "2016-04-23T09:08:32.439662957Z"}, {"ok": true, "asks": null, "bids": [{"price": 9535, "isBuy": true, "qty": 8434}, {"price": 6796, "isBuy": true, "qty": 61}, {"price": 6559, "isBuy": true, "qty": 2680}, {"price": 6527, "isBuy": true, "qty": 2680}, {"price": 6495, "isBuy": true, "qty": 2680}], "symbol": "FDH", "venue": "IDRVEX", "ts": "2016-04-23T09:08:33.616113737Z"}, {"ok": true, "asks": null, "bids": [{"price": 9535, "isBuy": true, "qty": 8434}, {"price": 6796, "isBuy": true, "qty": 61}, {"price": 6559, "isBuy": true, "qty": 2680}, {"price": 6527, "isBuy": true, "qty": 2680}, {"price": 6495, "isBuy": true, "qty": 2680}], "symbol": "FDH", "venue": "IDRVEX", "ts": "2016-04-23T09:08:34.976855383Z"}, {"ok": true, "asks": null, "bids": [{"price": 9535, "isBuy": true, "qty": 8434}, {"price": 6796, "isBuy": true, "qty": 61}, {"price": 6559, "isBuy": true, "qty": 2680}, {"price": 6527, "isBuy": true, "qty": 2680}, {"price": 6495, "isBuy": true, "qty": 2680}], "symbol": "FDH", "venue": "IDRVEX", "ts": "2016-04-23T09:08:35.149452665Z"}, {"ok": true, "asks": null, "bids": [{"price": 9535, "isBuy": true, "qty": 8434}, {"price": 6796, "isBuy": true, "qty": 61}, {"price": 6559, "isBuy": true, "qty": 2680}, {"price": 6527, "isBuy": true, "qty": 2680}, {"price": 6495, "isBuy": true, "qty": 2680}], "symbol": "FDH", "venue": "IDRVEX", "ts": "2016-04-23T09:08:36.344063735Z"}, {"ok": true, "asks": null, "bids": [{"price": 6766, "isBuy": true, "qty": 2686}, {"price": 6733, "isBuy": true, "qty": 2686}, {"price": 6700, "isBuy": true, "qty": 2686}], "symbol": "FDH", "venue": "IDRVEX", "ts": "2016-04-23T09:08:38.54052562Z"}, {"ok": true, "asks": [{"price": 7256, "isBuy": false, "qty": 7390}, {"price": 7292, "isBuy": false, "qty": 7390}, {"price": 7328, "isBuy": false, "qty": 7390}], "bids": [{"price": 7184, "isBuy": true, "qty": 2459}, {"price": 7148, "isBuy": true, "qty": 2459}, {"price": 7112, "isBuy": true, "qty": 2459}], "symbol": "FDH", "venue": "IDRVEX", "ts": "2016-04-23T09:08:41.890786877Z"}, {"ok": true, "asks": [{"price": 7256, "isBuy": false, "qty": 7390}, {"price": 7292, "isBuy": false, "qty": 7390}, {"price": 7292, "isBuy": false, "qty": 867}, {"price": 7328, "isBuy": false, "qty": 7390}], "bids": [{"price": 7184, "isBuy": true, "qty": 2459}, {"price": 7148, "isBuy": true, "qty": 2459}, {"price": 7112, "isBuy": true, "qty": 2459}], "symbol": "FDH", "venue": "IDRVEX", "ts": "2016-04-23T09:08:45.938258975Z"}, {"ok": true, "asks": [{"price": 7256, "isBuy": false, "qty": 7390}, {"price": 7292, "isBuy": false, "qty": 7390}, {"price": 7292, "isBuy": false, "qty": 867}, {"price": 7328, "isBuy": false, "qty": 7390}], "bids": [{"price": 7184, "isBuy": true, "qty": 2459}, {"price": 7148, "isBuy": true, "qty": 2459}, {"price": 7112, "isBuy": true, "qty": 2459}], "symbol": "FDH", "venue": "IDRVEX", "ts": "2016-04-23T09:08:46.179552624Z"}, {"ok": true, "asks": [{"price": 7274, "isBuy": false, "qty": 7755}, {"price": 7292, "isBuy": false, "qty": 867}, {"price": 7310, "isBuy": false, "qty": 7755}, {"price": 7346, "isBuy": false, "qty": 7755}], "bids": [{"price": 7202, "isBuy": true, "qty": 2244}, {"price": 7166, "isBuy": true, "qty": 2244}, {"price": 7130, "isBuy": true, "qty": 2244}], "symbol": "FDH", "venue": "IDRVEX", "ts": "2016-04-23T09:08:47.556899011Z"}, {"ok": true, "asks": [{"price": 7274, "isBuy": false, "qty": 7755}, {"price": 7292, "isBuy": false, "qty": 867}, {"price": 7310, "isBuy": false, "qty": 7755}, {"price": 7346, "isBuy": false, "qty": 7755}], "bids": [{"price": 7202, "isBuy": true, "qty": 2244}, {"price": 7166, "isBuy": true, "qty": 2244}, {"price": 7130, "isBuy": true, "qty": 2244}], "symbol": "FDH", "venue": "IDRVEX", "ts": "2016-04-23T09:08:48.642909819Z"}, {"ok": true, "asks": [{"price": 7274, "isBuy": false, "qty": 7755}, {"price": 7292, "isBuy": false, "qty": 867}, {"price": 7310, "isBuy": false, "qty": 7755}, {"price": 7346, "isBuy": false, "qty": 7755}], "bids": [{"price": 7202, "isBuy": true, "qty": 2244}, {"price": 7166, "isBuy": true, "qty": 2244}, {"price": 7130, "isBuy": true, "qty": 2244}], "symbol": "FDH", "venue": "IDRVEX", "ts": "2016-04-23T09:08:48.942285798Z"}, {"ok": true, "asks": [{"price": 7274, "isBuy": false, "qty": 7755}, {"price": 7292, "isBuy": false, "qty": 867}, {"price": 7310, "isBuy": false, "qty": 7755}, {"price": 7346, "isBuy": false, "qty": 7755}], "bids": [{"price": 7202, "isBuy": true, "qty": 2244}, {"price": 7166, "isBuy": true, "qty": 2244}, {"price": 7130, "isBuy": true, "qty": 2244}], "symbol": "FDH", "venue": "IDRVEX", "ts": "2016-04-23T09:08:50.31283055Z"}, {"ok": true, "asks": [{"price": 7274, "isBuy": false, "qty": 7755}, {"price": 7292, "isBuy": false, "qty": 867}, {"price": 7310, "isBuy": false, "qty": 7755}, {"price": 7346, "isBuy": false, "qty": 7755}], "bids": [{"price": 7202, "isBuy": true, "qty": 2244}, {"price": 7166, "isBuy": true, "qty": 2244}, {"price": 7130, "isBuy": true, "qty": 2244}], "symbol": "FDH", "venue": "IDRVEX", "ts": "2016-04-23T09:08:51.68329516Z"}, {"ok": true, "asks": [{"price": 6850, "isBuy": false, "qty": 7684}, {"price": 6884, "isBuy": false, "qty": 7684}, {"price": 6918, "isBuy": false, "qty": 7684}, {"price": 7292, "isBuy": false, "qty": 867}], "bids": [{"price": 6782, "isBuy": true, "qty": 2294}, {"price": 6748, "isBuy": true, "qty": 2294}, {"price": 6714, "isBuy": true, "qty": 2294}], "symbol": "FDH", "venue": "IDRVEX", "ts": "2016-04-23T09:08:52.027784705Z"}, {"ok": true, "asks": [{"price": 6850, "isBuy": false, "qty": 7684}, {"price": 6884, "isBuy": false, "qty": 7684}, {"price": 6918, "isBuy": false, "qty": 7684}, {"price": 7292, "isBuy": false, "qty": 867}], "bids": [{"price": 6782, "isBuy": true, "qty": 2294}, {"price": 6748, "isBuy": true, "qty": 2294}, {"price": 6714, "isBuy": true, "qty": 2294}], "symbol": "FDH", "venue": "IDRVEX", "ts": "2016-04-23T09:08:53.048354445Z"}, {"ok": true, "asks": [{"price": 6850, "isBuy": false, "qty": 7684}, {"price": 6884, "isBuy": false, "qty": 7684}, {"price": 6918, "isBuy": false, "qty": 7684}, {"price": 7292, "isBuy": false, "qty": 867}], "bids": [{"price": 6782, "isBuy": true, "qty": 2294}, {"price": 6748, "isBuy": true, "qty": 2294}, {"price": 6714, "isBuy": true, "qty": 2294}], "symbol": "FDH", "venue": "IDRVEX", "ts": "2016-04-23T09:08:54.42696519Z"}, {"ok": true, "asks": [{"price": 6850, "isBuy": false, "qty": 7684}, {"price": 6884, "isBuy": false, "qty": 7684}, {"price": 6918, "isBuy": false, "qty": 7684}, {"price": 7292, "isBuy": false, "qty": 867}], "bids": [{"price": 6782, "isBuy": true, "qty": 2294}, {"price": 6748, "isBuy": true, "qty": 2294}, {"price": 6714, "isBuy": true, "qty": 2294}], "symbol": "FDH", "venue": "IDRVEX", "ts": "2016-04-23T09:08:55.381263151Z"}, {"ok": true, "asks": [{"price": 6850, "isBuy": false, "qty": 7684}, {"price": 6884, "isBuy": false, "qty": 7684}, {"price": 6918, "isBuy": false, "qty": 7684}, {"price": 7292, "isBuy": false, "qty": 867}], "bids": [{"price": 6782, "isBuy": true, "qty": 2294}, {"price": 6748, "isBuy": true, "qty": 2294}, {"price": 6714, "isBuy": true, "qty": 2294}], "symbol": "FDH", "venue": "IDRVEX", "ts": "2016-04-23T09:08:55.788472094Z"}, {"ok": true, "asks": [{"price": 7067, "isBuy": false, "qty": 7415}, {"price": 7102, "isBuy": false, "qty": 7415}, {"price": 7137, "isBuy": false, "qty": 7415}, {"price": 7292, "isBuy": false, "qty": 867}], "bids": null, "symbol": "FDH", "venue": "IDRVEX", "ts": "2016-04-23T09:08:57.163096437Z"}, {"ok": true, "asks": [{"price": 7067, "isBuy": false, "qty": 7415}, {"price": 7102, "isBuy": false, "qty": 7415}, {"price": 7137, "isBuy": false, "qty": 7415}, {"price": 7292, "isBuy": false, "qty": 867}], "bids": null, "symbol": "FDH", "venue": "IDRVEX", "ts": "2016-04-23T09:08:58.554585253Z"}, {"ok": true, "asks": [{"price": 7067, "isBuy": false, "qty": 7415}, {"price": 7102, "isBuy": false, "qty": 7415}, {"price": 7137, "isBuy": false, "qty": 7415}, {"price": 7292, "isBuy": false, "qty": 867}], "bids": null, "symbol": "FDH", "venue": "IDRVEX", "ts": "2016-04-23T09:08:59.108898424Z"}, {"ok": true, "asks": [{"price": 7067, "isBuy": false, "qty": 7415}, {"price": 7102, "isBuy": false, "qty": 7415}, {"price": 7137, "isBuy": false, "qty": 7415}, {"price": 7292, "isBuy": false, "qty": 867}], "bids": null, "symbol": "FDH", "venue": "IDRVEX", "ts": "2016-04-23T09:08:59.918483062Z"}, {"ok": true, "asks": [{"price": 7067, "isBuy": false, "qty": 7415}, {"price": 7102, "isBuy": false, "qty": 7415}, {"price": 7137, "isBuy": false, "qty": 7415}, {"price": 7292, "isBuy": false, "qty": 867}], "bids": null, "symbol": "FDH", "venue": "IDRVEX", "ts": "2016-04-23T09:09:01.287806259Z"}, {"ok": true, "asks": [{"price": 6649, "isBuy": false, "qty": 14}, {"price": 6767, "isBuy": false, "qty": 7132}, {"price": 6800, "isBuy": false, "qty": 7132}, {"price": 6833, "isBuy": false, "qty": 7132}, {"price": 7292, "isBuy": false, "qty": 867}], "bids": [{"price": 6616, "isBuy": true, "qty": 2867}, {"price": 6583, "isBuy": true, "qty": 2867}, {"price": 6550, "isBuy": true, "qty": 2867}], "symbol": "FDH", "venue": "IDRVEX", "ts": "2016-04-23T09:09:02.494739801Z"}, {"ok": true, "asks": [{"price": 6649, "isBuy": false, "qty": 14}, {"price": 6767, "isBuy": false, "qty": 7132}, {"price": 6800, "isBuy": false, "qty": 7132}, {"price": 6833, "isBuy": false, "qty": 7132}, {"price": 7292, "isBuy": false, "qty": 867}], "bids": [{"price": 6616, "isBuy": true, "qty": 2867}, {"price": 6583, "isBuy": true, "qty": 2867}, {"price": 6550, "isBuy": true, "qty": 2867}], "symbol": "FDH", "venue": "IDRVEX", "ts": "2016-04-23T09:09:02.671905903Z"}, {"ok": true, "asks": [{"price": 6649, "isBuy": false, "qty": 14}, {"price": 6767, "isBuy": false, "qty": 7132}, {"price": 6800, "isBuy": false, "qty": 7132}, {"price": 6833, "isBuy": false, "qty": 7132}, {"price": 7292, "isBuy": false, "qty": 867}], "bids": [{"price": 6616, "isBuy": true, "qty": 2867}, {"price": 6583, "isBuy": true, "qty": 2867}, {"price": 6550, "isBuy": true, "qty": 2867}], "symbol": "FDH", "venue": "IDRVEX", "ts": "2016-04-23T09:09:04.035034237Z"}, {"ok": true, "asks": [{"price": 6649, "isBuy": false, "qty": 14}, {"price": 6767, "isBuy": false, "qty": 7132}, {"price": 6800, "isBuy": false, "qty": 7132}, {"price": 6833, "isBuy": false, "qty": 7132}, {"price": 7292, "isBuy": false, "qty": 867}], "bids": [{"price": 6616, "isBuy": true, "qty": 2867}, {"price": 6583, "isBuy": true, "qty": 2867}, {"price": 6550, "isBuy": true, "qty": 2867}], "symbol": "FDH", "venue": "IDRVEX", "ts": "2016-04-23T09:09:05.412132632Z"}, {"ok": true, "asks": [{"price": 6649, "isBuy": false, "qty": 14}, {"price": 6767, "isBuy": false, "qty": 7132}, {"price": 6800, "isBuy": false, "qty": 7132}, {"price": 6833, "isBuy": false, "qty": 7132}, {"price": 7292, "isBuy": false, "qty": 867}], "bids": [{"price": 6616, "isBuy": true, "qty": 2867}, {"price": 6583, "isBuy": true, "qty": 2867}, {"price": 6550, "isBuy": true, "qty": 2867}], "symbol": "FDH", "venue": "IDRVEX", "ts": "2016-04-23T09:09:05.846547445Z"}, {"ok": true, "asks": [{"price": 6793, "isBuy": false, "qty": 6885}, {"price": 6826, "isBuy": false, "qty": 6885}, {"price": 6859, "isBuy": false, "qty": 6885}, {"price": 7292, "isBuy": false, "qty": 867}], "bids": [{"price": 6727, "isBuy": true, "qty": 2907}, {"price": 6694, "isBuy": true, "qty": 2907}, {"price": 6661, "isBuy": true, "qty": 2907}], "symbol": "FDH", "venue": "IDRVEX", "ts": "2016-04-23T09:09:06.869527169Z"}, {"ok": true, "asks": [{"price": 6793, "isBuy": false, "qty": 6885}, {"price": 6826, "isBuy": false, "qty": 6885}, {"price": 6859, "isBuy": false, "qty": 6885}, {"price": 7292, "isBuy": false, "qty": 867}], "bids": [{"price": 6727, "isBuy": true, "qty": 2907}, {"price": 6694, "isBuy": true, "qty": 2907}, {"price": 6661, "isBuy": true, "qty": 2907}], "symbol": "FDH", "venue": "IDRVEX", "ts": "2016-04-23T09:09:08.247251239Z"}, {"ok": true, "asks": [{"price": 6793, "isBuy": false, "qty": 6885}, {"price": 6826, "isBuy": false, "qty": 6885}, {"price": 6859, "isBuy": false, "qty": 6885}, {"price": 7292, "isBuy": false, "qty": 867}], "bids": [{"price": 6727, "isBuy": true, "qty": 2907}, {"price": 6694, "isBuy": true, "qty": 2907}, {"price": 6661, "isBuy": true, "qty": 2907}], "symbol": "FDH", "venue": "IDRVEX", "ts": "2016-04-23T09:09:09.213241193Z"}, {"ok": true, "asks": [{"price": 6793, "isBuy": false, "qty": 6885}, {"price": 6826, "isBuy": false, "qty": 6885}, {"price": 6859, "isBuy": false, "qty": 6885}, {"price": 7292, "isBuy": false, "qty": 867}], "bids": [{"price": 6727, "isBuy": true, "qty": 2907}, {"price": 6694, "isBuy": true, "qty": 2907}, {"price": 6661, "isBuy": true, "qty": 2907}], "symbol": "FDH", "venue": "IDRVEX", "ts": "2016-04-23T09:09:09.639909139Z"}, {"ok": true, "asks": [{"price": 6793, "isBuy": false, "qty": 6885}, {"price": 6826, "isBuy": false, "qty": 6885}, {"price": 6859, "isBuy": false, "qty": 6885}, {"price": 7292, "isBuy": false, "qty": 867}], "bids": [{"price": 6727, "isBuy": true, "qty": 2907}, {"price": 6694, "isBuy": true, "qty": 2907}, {"price": 6661, "isBuy": true, "qty": 2907}], "symbol": "FDH", "venue": "IDRVEX", "ts": "2016-04-23T09:09:11.02433899Z"}, {"ok": true, "asks": [{"price": 7205, "isBuy": false, "qty": 6700}, {"price": 7240, "isBuy": false, "qty": 6700}, {"price": 7275, "isBuy": false, "qty": 6700}, {"price": 7292, "isBuy": false, "qty": 867}], "bids": [{"price": 7135, "isBuy": true, "qty": 3299}, {"price": 7100, "isBuy": true, "qty": 3299}, {"price": 7065, "isBuy": true, "qty": 3299}], "symbol": "FDH", "venue": "IDRVEX", "ts": "2016-04-23T09:09:12.391492695Z"}, {"ok": true, "asks": [{"price": 7205, "isBuy": false, "qty": 6700}, {"price": 7240, "isBuy": false, "qty": 6700}, {"price": 7275, "isBuy": false, "qty": 6700}, {"price": 7292, "isBuy": false, "qty": 867}], "bids": [{"price": 7135, "isBuy": true, "qty": 3299}, {"price": 7100, "isBuy": true, "qty": 3299}, {"price": 7065, "isBuy": true, "qty": 3299}], "symbol": "FDH", "venue": "IDRVEX", "ts": "2016-04-23T09:09:12.568701703Z"}, {"ok": true, "asks": [{"price": 7205, "isBuy": false, "qty": 6700}, {"price": 7240, "isBuy": false, "qty": 6700}, {"price": 7275, "isBuy": false, "qty": 6700}, {"price": 7292, "isBuy": false, "qty": 867}], "bids": [{"price": 7135, "isBuy": true, "qty": 3299}, {"price": 7100, "isBuy": true, "qty": 3299}, {"price": 7065, "isBuy": true, "qty": 3299}], "symbol": "FDH", "venue": "IDRVEX", "ts": "2016-04-23T09:09:13.757130827Z"}, {"ok": true, "asks": [{"price": 7205, "isBuy": false, "qty": 6700}, {"price": 7240, "isBuy": false, "qty": 6700}, {"price": 7275, "isBuy": false, "qty": 6700}, {"price": 7292, "isBuy": false, "qty": 867}], "bids": [{"price": 7135, "isBuy": true, "qty": 3299}, {"price": 7100, "isBuy": true, "qty": 3299}, {"price": 7065, "isBuy": true, "qty": 3299}], "symbol": "FDH", "venue": "IDRVEX", "ts": "2016-04-23T09:09:15.128215492Z"}, {"ok": true, "asks": [{"price": 7205, "isBuy": false, "qty": 6700}, {"price": 7240, "isBuy": false, "qty": 6700}, {"price": 7275, "isBuy": false, "qty": 6700}, {"price": 7292, "isBuy": false, "qty": 867}], "bids": [{"price": 7135, "isBuy": true, "qty": 3299}, {"price": 7100, "isBuy": true, "qty": 3299}, {"price": 7065, "isBuy": true, "qty": 3299}], "symbol": "FDH", "venue": "IDRVEX", "ts": "2016-04-23T09:09:15.952624001Z"}, {"ok": true, "asks": [{"price": 7205, "isBuy": false, "qty": 6700}, {"price": 7240, "isBuy": false, "qty": 6700}, {"price": 7275, "isBuy": false, "qty": 6700}, {"price": 7292, "isBuy": false, "qty": 867}], "bids": [{"price": 7135, "isBuy": true, "qty": 3299}, {"price": 7100, "isBuy": true, "qty": 3299}, {"price": 7065, "isBuy": true, "qty": 3299}], "symbol": "FDH", "venue": "IDRVEX", "ts": "2016-04-23T09:09:16.49687725Z"}, {"ok": true, "asks": [{"price": 7292, "isBuy": false, "qty": 867}], "bids": [{"price": 6720, "isBuy": true, "qty": 2996}, {"price": 6687, "isBuy": true, "qty": 2996}, {"price": 6654, "isBuy": true, "qty": 2996}], "symbol": "FDH", "venue": "IDRVEX", "ts": "2016-04-23T09:09:17.857641656Z"}, {"ok": true, "asks": [{"price": 7292, "isBuy": false, "qty": 867}], "bids": [{"price": 6720, "isBuy": true, "qty": 2996}, {"price": 6687, "isBuy": true, "qty": 2996}, {"price": 6654, "isBuy": true, "qty": 2996}], "symbol": "FDH", "venue": "IDRVEX", "ts": "2016-04-23T09:09:19.226682968Z"}, {"ok": true, "asks": [{"price": 7292, "isBuy": false, "qty": 867}], "bids": [{"price": 6720, "isBuy": true, "qty": 2996}, {"price": 6687, "isBuy": true, "qty": 2996}, {"price": 6654, "isBuy": true, "qty": 2996}], "symbol": "FDH", "venue": "IDRVEX", "ts": "2016-04-23T09:09:19.329758405Z"}, {"ok": true, "asks": [{"price": 7292, "isBuy": false, "qty": 867}], "bids": [{"price": 6720, "isBuy": true, "qty": 2996}, {"price": 6687, "isBuy": true, "qty": 2996}, {"price": 6654, "isBuy": true, "qty": 2996}], "symbol": "FDH", "venue": "IDRVEX", "ts": "2016-04-23T09:09:20.600173295Z"}, {"ok": true, "asks": [{"price": 6825, "isBuy": false, "qty": 6600}, {"price": 6858, "isBuy": false, "qty": 6640}, {"price": 6891, "isBuy": false, "qty": 6640}, {"price": 7292, "isBuy": false, "qty": 847}], "bids": [{"price": 6759, "isBuy": true, "qty": 2996}, {"price": 6726, "isBuy": true, "qty": 2996}, {"price": 6693, "isBuy": true, "qty": 2996}], "symbol": "FDH", "venue": "IDRVEX", "ts": "2016-04-23T09:09:21.968494029Z"}, {"ok": true, "asks": [{"price": 6825, "isBuy": false, "qty": 6600}, {"price": 6858, "isBuy": false, "qty": 6640}, {"price": 6891, "isBuy": false, "qty": 6640}, {"price": 7292, "isBuy": false, "qty": 847}], "bids": [{"price": 6759, "isBuy": true, "qty": 2996}, {"price": 6726, "isBuy": true, "qty": 2996}, {"price": 6693, "isBuy": true, "qty": 2996}], "symbol": "FDH", "venue": "IDRVEX", "ts": "2016-04-23T09:09:22.716241122Z"}, {"ok": true, "asks": [{"price": 6825, "isBuy": false, "qty": 6600}, {"price": 6858, "isBuy": false, "qty": 6640}, {"price": 6891, "isBuy": false, "qty": 6640}, {"price": 7292, "isBuy": false, "qty": 847}], "bids": [{"price": 6759, "isBuy": true, "qty": 2996}, {"price": 6726, "isBuy": true, "qty": 2996}, {"price": 6693, "isBuy": true, "qty": 2996}], "symbol": "FDH", "venue": "IDRVEX", "ts": "2016-04-23T09:09:23.340033943Z"}, {"ok": true, "asks": [{"price": 6825, "isBuy": false, "qty": 6600}, {"price": 6858, "isBuy": false, "qty": 6640}, {"price": 6891, "isBuy": false, "qty": 6640}, {"price": 7292, "isBuy": false, "qty": 847}], "bids": [{"price": 6759, "isBuy": true, "qty": 2996}, {"price": 6726, "isBuy": true, "qty": 2996}, {"price": 6693, "isBuy": true, "qty": 2996}], "symbol": "FDH", "venue": "IDRVEX", "ts": "2016-04-23T09:09:24.723986947Z"}, {"ok": true, "asks": [{"price": 6825, "isBuy": false, "qty": 6600}, {"price": 6858, "isBuy": false, "qty": 6640}, {"price": 6891, "isBuy": false, "qty": 6640}, {"price": 7292, "isBuy": false, "qty": 847}], "bids": [{"price": 6759, "isBuy": true, "qty": 2996}, {"price": 6726, "isBuy": true, "qty": 2996}, {"price": 6693, "isBuy": true, "qty": 2996}], "symbol": "FDH", "venue": "IDRVEX", "ts": "2016-04-23T09:09:26.053723901Z"}, {"ok": true, "asks": [{"price": 6825, "isBuy": false, "qty": 6600}, {"price": 6858, "isBuy": false, "qty": 6640}, {"price": 6891, "isBuy": false, "qty": 6640}, {"price": 7292, "isBuy": false, "qty": 847}], "bids": [{"price": 6759, "isBuy": true, "qty": 2996}, {"price": 6726, "isBuy": true, "qty": 2996}, {"price": 6693, "isBuy": true, "qty": 2996}], "symbol": "FDH", "venue": "IDRVEX", "ts": "2016-04-23T09:09:26.10363836Z"}, {"ok": true, "asks": [{"price": 7024, "isBuy": false, "qty": 6571}, {"price": 7058, "isBuy": false, "qty": 6571}, {"price": 7092, "isBuy": false, "qty": 6571}, {"price": 7292, "isBuy": false, "qty": 847}], "bids": null, "symbol": "FDH", "venue": "IDRVEX", "ts": "2016-04-23T09:09:27.469497498Z"}, {"ok": true, "asks": [{"price": 7024, "isBuy": false, "qty": 6571}, {"price": 7058, "isBuy": false, "qty": 6571}, {"price": 7092, "isBuy": false, "qty": 6571}, {"price": 7292, "isBuy": false, "qty": 847}], "bids": null, "symbol": "FDH", "venue": "IDRVEX", "ts": "2016-04-23T09:09:28.851424024Z"}, {"ok": true, "asks": [{"price": 7024, "isBuy": false, "qty": 6571}, {"price": 7058, "isBuy": false, "qty": 6571}, {"price": 7092, "isBuy": false, "qty": 6571}, {"price": 7292, "isBuy": false, "qty": 847}], "bids": null, "symbol": "FDH", "venue": "IDRVEX", "ts": "2016-04-23T09:09:29.422151615Z"}, {"ok": true, "asks": [{"price": 7024, "isBuy": false, "qty": 6571}, {"price": 7058, "isBuy": false, "qty": 6571}, {"price": 7092, "isBuy": false, "qty": 6571}, {"price": 7292, "isBuy": false, "qty": 847}], "bids": null, "symbol": "FDH", "venue": "IDRVEX", "ts": "2016-04-23T09:09:30.221230065Z"}, {"ok": true, "asks": [{"price": 7024, "isBuy": false, "qty": 6571}, {"price": 7058, "isBuy": false, "qty": 6571}, {"price": 7092, "isBuy": false, "qty": 6571}, {"price": 7292, "isBuy": false, "qty": 847}], "bids": null, "symbol": "FDH", "venue": "IDRVEX", "ts": "2016-04-23T09:09:31.590871787Z"}, {"ok": true, "asks": [{"price": 6937, "isBuy": false, "qty": 252}, {"price": 7292, "isBuy": false, "qty": 847}, {"price": 7313, "isBuy": false, "qty": 6510}, {"price": 7349, "isBuy": false, "qty": 6510}, {"price": 7385, "isBuy": false, "qty": 6510}], "bids": null, "symbol": "FDH", "venue": "IDRVEX", "ts": "2016-04-23T09:09:32.796297937Z"}, {"ok": true, "asks": [{"price": 6937, "isBuy": false, "qty": 252}, {"price": 7292, "isBuy": false, "qty": 847}, {"price": 7313, "isBuy": false, "qty": 6510}, {"price": 7349, "isBuy": false, "qty": 6510}, {"price": 7385, "isBuy": false, "qty": 6510}], "bids": null, "symbol": "FDH", "venue": "IDRVEX", "ts": "2016-04-23T09:09:32.972905464Z"}, {"ok": true, "asks": [{"price": 6937, "isBuy": false, "qty": 252}, {"price": 7292, "isBuy": false, "qty": 847}, {"price": 7313, "isBuy": false, "qty": 6510}, {"price": 7349, "isBuy": false, "qty": 6510}, {"price": 7385, "isBuy": false, "qty": 6510}], "bids": null, "symbol": "FDH", "venue": "IDRVEX", "ts": "2016-04-23T09:09:34.334354352Z"}, {"ok": true, "asks": [{"price": 6937, "isBuy": false, "qty": 252}, {"price": 7292, "isBuy": false, "qty": 847}, {"price": 7313, "isBuy": false, "qty": 6510}, {"price": 7349, "isBuy": false, "qty": 6510}, {"price": 7385, "isBuy": false, "qty": 6510}], "bids": null, "symbol": "FDH", "venue": "IDRVEX", "ts": "2016-04-23T09:09:35.716910425Z"}, {"ok": true, "asks": [{"price": 6937, "isBuy": false, "qty": 252}, {"price": 7292, "isBuy": false, "qty": 847}, {"price": 7313, "isBuy": false, "qty": 6510}, {"price": 7349, "isBuy": false, "qty": 6510}, {"price": 7385, "isBuy": false, "qty": 6510}], "bids": null, "symbol": "FDH", "venue": "IDRVEX", "ts": "2016-04-23T09:09:36.156336659Z"}, {"ok": true, "asks": [{"price": 7292, "isBuy": false, "qty": 551}], "bids": [{"price": 6693, "isBuy": true, "qty": 479}, {"price": 6579, "isBuy": true, "qty": 3265}, {"price": 6546, "isBuy": true, "qty": 3265}, {"price": 6513, "isBuy": true, "qty": 3265}], "symbol": "FDH", "venue": "IDRVEX", "ts": "2016-04-23T09:09:37.095327264Z"}, {"ok": true, "asks": [{"price": 7292, "isBuy": false, "qty": 551}], "bids": [{"price": 6693, "isBuy": true, "qty": 479}, {"price": 6579, "isBuy": true, "qty": 3265}, {"price": 6546, "isBuy": true, "qty": 3265}, {"price": 6513, "isBuy": true, "qty": 3265}], "symbol": "FDH", "venue": "IDRVEX", "ts": "2016-04-23T09:09:38.479377801Z"}, {"ok": true, "asks": [{"price": 7292, "isBuy": false, "qty": 551}], "bids": [{"price": 6693, "isBuy": true, "qty": 479}, {"price": 6579, "isBuy": true, "qty": 3265}, {"price": 6546, "isBuy": true, "qty": 3265}, {"price": 6513, "isBuy": true, "qty": 3265}], "symbol": "FDH", "venue": "IDRVEX", "ts": "2016-04-23T09:09:39.507034093Z"}, {"ok": true, "asks": [{"price": 7292, "isBuy": false, "qty": 551}], "bids": [{"price": 6693, "isBuy": true, "qty": 479}, {"price": 6579, "isBuy": true, "qty": 3265}, {"price": 6546, "isBuy": true, "qty": 3265}, {"price": 6513, "isBuy": true, "qty": 3265}], "symbol": "FDH", "venue": "IDRVEX", "ts": "2016-04-23T09:09:39.836274914Z"}, {"ok": true, "asks": [{"price": 7292, "isBuy": false, "qty": 551}], "bids": [{"price": 6693, "isBuy": true, "qty": 479}, {"price": 6579, "isBuy": true, "qty": 3265}, {"price": 6546, "isBuy": true, "qty": 3265}, {"price": 6513, "isBuy": true, "qty": 3265}], "symbol": "FDH", "venue": "IDRVEX", "ts": "2016-04-23T09:09:41.198155458Z"}, {"ok": true, "asks": [{"price": 7152, "isBuy": false, "qty": 39}, {"price": 7201, "isBuy": false, "qty": 6775}, {"price": 7236, "isBuy": false, "qty": 6775}, {"price": 7271, "isBuy": false, "qty": 6775}, {"price": 7292, "isBuy": false, "qty": 551}], "bids": [{"price": 7117, "isBuy": true, "qty": 2736}, {"price": 7082, "isBuy": true, "qty": 3225}, {"price": 7047, "isBuy": true, "qty": 3225}], "symbol": "FDH", "venue": "IDRVEX", "ts": "2016-04-23T09:09:42.593720284Z"}, {"ok": true, "asks": [{"price": 7152, "isBuy": false, "qty": 39}, {"price": 7201, "isBuy": false, "qty": 6775}, {"price": 7236, "isBuy": false, "qty": 6775}, {"price": 7271, "isBuy": false, "qty": 6775}, {"price": 7292, "isBuy": false, "qty": 551}], "bids": [{"price": 7117, "isBuy": true, "qty": 2736}, {"price": 7082, "isBuy": true, "qty": 3225}, {"price": 7047, "isBuy": true, "qty": 3225}, {"price": 6579, "isBuy": true, "qty": 566}], "symbol": "FDH", "venue": "IDRVEX", "ts": "2016-04-23T09:09:43.539932101Z"}, {"ok": true, "asks": [{"price": 7152, "isBuy": false, "qty": 39}, {"price": 7201, "isBuy": false, "qty": 6775}, {"price": 7236, "isBuy": false, "qty": 6775}, {"price": 7271, "isBuy": false, "qty": 6775}, {"price": 7292, "isBuy": false, "qty": 551}], "bids": [{"price": 7117, "isBuy": true, "qty": 2736}, {"price": 7082, "isBuy": true, "qty": 3225}, {"price": 7047, "isBuy": true, "qty": 3225}, {"price": 6579, "isBuy": true, "qty": 566}], "symbol": "FDH", "venue": "IDRVEX", "ts": "2016-04-23T09:09:43.968230764Z"}, {"ok": true, "asks": [{"price": 7152, "isBuy": false, "qty": 39}, {"price": 7201, "isBuy": false, "qty": 6775}, {"price": 7236, "isBuy": false, "qty": 6775}, {"price": 7271, "isBuy": false, "qty": 6775}, {"price": 7292, "isBuy": false, "qty": 551}], "bids": [{"price": 7117, "isBuy": true, "qty": 2736}, {"price": 7082, "isBuy": true, "qty": 3225}, {"price": 7047, "isBuy": true, "qty": 3225}, {"price": 6579, "isBuy": true, "qty": 566}], "symbol": "FDH", "venue": "IDRVEX", "ts": "2016-04-23T09:09:44.128731711Z"}, {"ok": true, "asks": [{"price": 7152, "isBuy": false, "qty": 39}, {"price": 7201, "isBuy": false, "qty": 6775}, {"price": 7236, "isBuy": false, "qty": 6775}, {"price": 7271, "isBuy": false, "qty": 6775}, {"price": 7292, "isBuy": false, "qty": 551}], "bids": [{"price": 7117, "isBuy": true, "qty": 2736}, {"price": 7082, "isBuy": true, "qty": 3225}, {"price": 7047, "isBuy": true, "qty": 3225}, {"price": 6579, "isBuy": true, "qty": 566}], "symbol": "FDH", "venue": "IDRVEX", "ts": "2016-04-23T09:09:45.496643206Z"}, {"ok": true, "asks": [{"price": 7152, "isBuy": false, "qty": 39}, {"price": 7201, "isBuy": false, "qty": 6775}, {"price": 7236, "isBuy": false, "qty": 6775}, {"price": 7271, "isBuy": false, "qty": 6775}, {"price": 7292, "isBuy": false, "qty": 551}], "bids": [{"price": 7117, "isBuy": true, "qty": 2736}, {"price": 7082, "isBuy": true, "qty": 3225}, {"price": 7047, "isBuy": true, "qty": 3225}, {"price": 6579, "isBuy": true, "qty": 566}], "symbol": "FDH", "venue": "IDRVEX", "ts": "2016-04-23T09:09:45.656386417Z"}, {"ok": true, "asks": [{"price": 6770, "isBuy": false, "qty": 366}, {"price": 7152, "isBuy": false, "qty": 6823}, {"price": 7187, "isBuy": false, "qty": 6823}, {"price": 7201, "isBuy": false, "qty": 717}, {"price": 7222, "isBuy": false, "qty": 6823}, {"price": 7292, "isBuy": false, "qty": 551}], "bids": [{"price": 6684, "isBuy": true, "qty": 3176}, {"price": 6651, "isBuy": true, "qty": 3176}, {"price": 6618, "isBuy": true, "qty": 3176}, {"price": 6579, "isBuy": true, "qty": 566}], "symbol": "FDH", "venue": "IDRVEX", "ts": "2016-04-23T09:09:46.771962164Z"}, {"ok": true, "asks": [{"price": 7201, "isBuy": false, "qty": 717}, {"price": 7292, "isBuy": false, "qty": 551}], "bids": [{"price": 6684, "isBuy": true, "qty": 3222}, {"price": 6651, "isBuy": true, "qty": 3222}, {"price": 6618, "isBuy": true, "qty": 3222}, {"price": 6579, "isBuy": true, "qty": 566}], "symbol": "FDH", "venue": "IDRVEX", "ts": "2016-04-23T09:09:47.026452915Z"}, {"ok": true, "asks": [{"price": 7201, "isBuy": false, "qty": 717}, {"price": 7292, "isBuy": false, "qty": 551}], "bids": [{"price": 6684, "isBuy": true, "qty": 3222}, {"price": 6651, "isBuy": true, "qty": 3222}, {"price": 6618, "isBuy": true, "qty": 3222}, {"price": 6579, "isBuy": true, "qty": 566}], "symbol": "FDH", "venue": "IDRVEX", "ts": "2016-04-23T09:09:47.186000154Z"}, {"ok": true, "asks": [{"price": 7201, "isBuy": false, "qty": 717}, {"price": 7292, "isBuy": false, "qty": 551}], "bids": [{"price": 6684, "isBuy": true, "qty": 3222}, {"price": 6651, "isBuy": true, "qty": 3222}, {"price": 6618, "isBuy": true, "qty": 3222}, {"price": 6579, "isBuy": true, "qty": 566}], "symbol": "FDH", "venue": "IDRVEX", "ts": "2016-04-23T09:09:47.348348732Z"}, {"ok": true, "asks": [{"price": 7201, "isBuy": false, "qty": 717}, {"price": 7292, "isBuy": false, "qty": 551}], "bids": [{"price": 6684, "isBuy": true, "qty": 3222}, {"price": 6651, "isBuy": true, "qty": 3222}, {"price": 6618, "isBuy": true, "qty": 3222}, {"price": 6579, "isBuy": true, "qty": 566}], "symbol": "FDH", "venue": "IDRVEX", "ts": "2016-04-23T09:09:48.71741995Z"}, {"ok": true, "asks": [{"price": 7201, "isBuy": false, "qty": 717}, {"price": 7292, "isBuy": false, "qty": 551}], "bids": [{"price": 6684, "isBuy": true, "qty": 3222}, {"price": 6651, "isBuy": true, "qty": 3222}, {"price": 6618, "isBuy": true, "qty": 3222}, {"price": 6579, "isBuy": true, "qty": 566}], "symbol": "FDH", "venue": "IDRVEX", "ts": "2016-04-23T09:09:48.88179339Z"}, {"ok": true, "asks": [{"price": 7201, "isBuy": false, "qty": 717}, {"price": 7292, "isBuy": false, "qty": 551}], "bids": [{"price": 6684, "isBuy": true, "qty": 3222}, {"price": 6651, "isBuy": true, "qty": 3222}, {"price": 6618, "isBuy": true, "qty": 3222}, {"price": 6579, "isBuy": true, "qty": 566}], "symbol": "FDH", "venue": "IDRVEX", "ts": "2016-04-23T09:09:49.050804807Z"}, {"ok": true, "asks": [{"price": 7201, "isBuy": false, "qty": 717}, {"price": 7292, "isBuy": false, "qty": 551}], "bids": [{"price": 6684, "isBuy": true, "qty": 3222}, {"price": 6651, "isBuy": true, "qty": 3222}, {"price": 6651, "isBuy": true, "qty": 641}, {"price": 6618, "isBuy": true, "qty": 3222}, {"price": 6579, "isBuy": true, "qty": 566}], "symbol": "FDH", "venue": "IDRVEX", "ts": "2016-04-23T09:09:50.285808074Z"}, {"ok": true, "asks": [{"price": 7201, "isBuy": false, "qty": 717}, {"price": 7292, "isBuy": false, "qty": 551}], "bids": [{"price": 6684, "isBuy": true, "qty": 3222}, {"price": 6651, "isBuy": true, "qty": 3222}, {"price": 6651, "isBuy": true, "qty": 641}, {"price": 6618, "isBuy": true, "qty": 3222}, {"price": 6579, "isBuy": true, "qty": 566}], "symbol": "FDH", "venue": "IDRVEX", "ts": "2016-04-23T09:09:50.435948096Z"}, {"ok": true, "asks": [{"price": 7201, "isBuy": false, "qty": 717}, {"price": 7292, "isBuy": false, "qty": 551}], "bids": [{"price": 6684, "isBuy": true, "qty": 3222}, {"price": 6651, "isBuy": true, "qty": 3222}, {"price": 6651, "isBuy": true, "qty": 641}, {"price": 6618, "isBuy": true, "qty": 3222}, {"price": 6579, "isBuy": true, "qty": 566}], "symbol": "FDH", "venue": "IDRVEX", "ts": "2016-04-23T09:09:50.596305583Z"}, {"ok": true, "asks": [{"price": 7201, "isBuy": false, "qty": 717}, {"price": 7292, "isBuy": false, "qty": 551}], "bids": [{"price": 6684, "isBuy": true, "qty": 3222}, {"price": 6651, "isBuy": true, "qty": 3222}, {"price": 6651, "isBuy": true, "qty": 641}, {"price": 6618, "isBuy": true, "qty": 3222}, {"price": 6579, "isBuy": true, "qty": 566}], "symbol": "FDH", "venue": "IDRVEX", "ts": "2016-04-23T09:09:50.761081852Z"}, {"ok": true, "asks": [{"price": 7201, "isBuy": false, "qty": 717}, {"price": 7292, "isBuy": false, "qty": 551}], "bids": [{"price": 6684, "isBuy": true, "qty": 3222}, {"price": 6651, "isBuy": true, "qty": 3222}, {"price": 6651, "isBuy": true, "qty": 641}, {"price": 6618, "isBuy": true, "qty": 3222}, {"price": 6579, "isBuy": true, "qty": 566}], "symbol": "FDH", "venue": "IDRVEX", "ts": "2016-04-23T09:09:50.920355519Z"}, {"ok": true, "asks": null, "bids": [{"price": 7217, "isBuy": true, "qty": 237}, {"price": 6819, "isBuy": true, "qty": 3166}, {"price": 6785, "isBuy": true, "qty": 3166}, {"price": 6751, "isBuy": true, "qty": 3166}, {"price": 6651, "isBuy": true, "qty": 400}, {"price": 6579, "isBuy": true, "qty": 566}], "symbol": "FDH", "venue": "IDRVEX", "ts": "2016-04-23T09:09:52.284392899Z"}, {"ok": true, "asks": null, "bids": [{"price": 7217, "isBuy": true, "qty": 237}, {"price": 6819, "isBuy": true, "qty": 3166}, {"price": 6785, "isBuy": true, "qty": 3166}, {"price": 6751, "isBuy": true, "qty": 3166}, {"price": 6651, "isBuy": true, "qty": 400}, {"price": 6579, "isBuy": true, "qty": 566}], "symbol": "FDH", "venue": "IDRVEX", "ts": "2016-04-23T09:09:52.467107923Z"}, {"ok": true, "asks": null, "bids": [{"price": 7217, "isBuy": true, "qty": 237}, {"price": 6819, "isBuy": true, "qty": 3166}, {"price": 6785, "isBuy": true, "qty": 3166}, {"price": 6751, "isBuy": true, "qty": 3166}, {"price": 6651, "isBuy": true, "qty": 400}, {"price": 6579, "isBuy": true, "qty": 566}], "symbol": "FDH", "venue": "IDRVEX", "ts": "2016-04-23T09:09:52.985923111Z"}, {"ok": true, "asks": null, "bids": [{"price": 7217, "isBuy": true, "qty": 237}, {"price": 6819, "isBuy": true, "qty": 3166}, {"price": 6785, "isBuy": true, "qty": 3166}, {"price": 6751, "isBuy": true, "qty": 3166}, {"price": 6651, "isBuy": true, "qty": 400}, {"price": 6579, "isBuy": true, "qty": 566}], "symbol": "FDH", "venue": "IDRVEX", "ts": "2016-04-23T09:09:53.8438779Z"}, {"ok": true, "asks": null, "bids": [{"price": 7217, "isBuy": true, "qty": 237}, {"price": 6819, "isBuy": true, "qty": 3166}, {"price": 6785, "isBuy": true, "qty": 3166}, {"price": 6751, "isBuy": true, "qty": 3166}, {"price": 6651, "isBuy": true, "qty": 400}, {"price": 6579, "isBuy": true, "qty": 566}], "symbol": "FDH", "venue": "IDRVEX", "ts": "2016-04-23T09:09:54.0048916Z"}, {"ok": true, "asks": null, "bids": [{"price": 7217, "isBuy": true, "qty": 237}, {"price": 6819, "isBuy": true, "qty": 3166}, {"price": 6785, "isBuy": true, "qty": 3166}, {"price": 6751, "isBuy": true, "qty": 3166}, {"price": 6651, "isBuy": true, "qty": 400}, {"price": 6579, "isBuy": true, "qty": 566}], "symbol": "FDH", "venue": "IDRVEX", "ts": "2016-04-23T09:09:55.386267961Z"}, {"ok": true, "asks": null, "bids": [{"price": 7217, "isBuy": true, "qty": 237}, {"price": 6819, "isBuy": true, "qty": 3166}, {"price": 6785, "isBuy": true, "qty": 3166}, {"price": 6751, "isBuy": true, "qty": 3166}, {"price": 6651, "isBuy": true, "qty": 400}, {"price": 6579, "isBuy": true, "qty": 566}], "symbol": "FDH", "venue": "IDRVEX", "ts": "2016-04-23T09:09:55.549079648Z"}, {"ok": true, "asks": null, "bids": [{"price": 7217, "isBuy": true, "qty": 237}, {"price": 6819, "isBuy": true, "qty": 3166}, {"price": 6785, "isBuy": true, "qty": 3166}, {"price": 6751, "isBuy": true, "qty": 3166}, {"price": 6651, "isBuy": true, "qty": 400}, {"price": 6579, "isBuy": true, "qty": 566}], "symbol": "FDH", "venue": "IDRVEX", "ts": "2016-04-23T09:09:56.366432746Z"}, {"ok": true, "asks": [{"price": 4338, "isBuy": false, "qty": 199945}, {"price": 7318, "isBuy": false, "qty": 6833}, {"price": 7354, "isBuy": false, "qty": 6833}, {"price": 7390, "isBuy": false, "qty": 6833}], "bids": null, "symbol": "FDH", "venue": "IDRVEX", "ts": "2016-04-23T09:09:56.927318154Z"}, {"ok": true, "asks": [{"price": 4338, "isBuy": false, "qty": 199945}, {"price": 7318, "isBuy": false, "qty": 6833}, {"price": 7354, "isBuy": false, "qty": 6833}, {"price": 7390, "isBuy": false, "qty": 6833}], "bids": null, "symbol": "FDH", "venue": "IDRVEX", "ts": "2016-04-23T09:09:59.895675229Z"}, {"ok": true, "asks": [{"price": 4338, "isBuy": false, "qty": 199945}, {"price": 7318, "isBuy": false, "qty": 6833}, {"price": 7354, "isBuy": false, "qty": 6833}, {"price": 7390, "isBuy": false, "qty": 6833}], "bids": null, "symbol": "FDH", "venue": "IDRVEX", "ts": "2016-04-23T09:10:00.504577555Z"}, {"ok": true, "asks": [{"price": 4332, "isBuy": false, "qty": 268211}, {"price": 7318, "isBuy": false, "qty": 679}], "bids": null, "symbol": "FDH", "venue": "IDRVEX", "ts": "2016-04-23T09:10:03.929889583Z"}, {"ok": true, "asks": [{"price": 4332, "isBuy": false, "qty": 268211}, {"price": 7318, "isBuy": false, "qty": 679}], "bids": null, "symbol": "FDH", "venue": "IDRVEX", "ts": "2016-04-23T09:10:04.374587204Z"}, {"ok": true, "asks": [{"price": 4332, "isBuy": false, "qty": 268211}, {"price": 7318, "isBuy": false, "qty": 679}], "bids": null, "symbol": "FDH", "venue": "IDRVEX", "ts": "2016-04-23T09:10:05.298404506Z"}, {"ok": true, "asks": [{"price": 4332, "isBuy": false, "qty": 268211}, {"price": 7318, "isBuy": false, "qty": 679}], "bids": null, "symbol": "FDH", "venue": "IDRVEX", "ts": "2016-04-23T09:10:06.691494334Z"}, {"ok": true, "asks": [{"price": 7291, "isBuy": false, "qty": 8886}, {"price": 7318, "isBuy": false, "qty": 679}, {"price": 7327, "isBuy": false, "qty": 8886}, {"price": 7363, "isBuy": false, "qty": 8886}], "bids": null, "symbol": "FDH", "venue": "IDRVEX", "ts": "2016-04-23T09:10:07.272826433Z"}, {"ok": true, "asks": [{"price": 7291, "isBuy": false, "qty": 8886}, {"price": 7318, "isBuy": false, "qty": 679}, {"price": 7327, "isBuy": false, "qty": 8886}, {"price": 7363, "isBuy": false, "qty": 8886}], "bids": null, "symbol": "FDH", "venue": "IDRVEX", "ts": "2016-04-23T09:10:08.082789441Z"}, {"ok": true, "asks": [{"price": 7291, "isBuy": false, "qty": 8886}, {"price": 7318, "isBuy": false, "qty": 679}, {"price": 7327, "isBuy": false, "qty": 8886}, {"price": 7363, "isBuy": false, "qty": 8886}], "bids": null, "symbol": "FDH", "venue": "IDRVEX", "ts": "2016-04-23T09:10:09.453291004Z"}, {"ok": true, "asks": [{"price": 7291, "isBuy": false, "qty": 8886}, {"price": 7318, "isBuy": false, "qty": 679}, {"price": 7327, "isBuy": false, "qty": 8886}, {"price": 7363, "isBuy": false, "qty": 8886}], "bids": null, "symbol": "FDH", "venue": "IDRVEX", "ts": "2016-04-23T09:10:10.639262589Z"}, {"ok": true, "asks": [{"price": 7291, "isBuy": false, "qty": 8886}, {"price": 7318, "isBuy": false, "qty": 679}, {"price": 7327, "isBuy": false, "qty": 8886}, {"price": 7363, "isBuy": false, "qty": 8886}], "bids": null, "symbol": "FDH", "venue": "IDRVEX", "ts": "2016-04-23T09:10:10.81176202Z"}, {"ok": true, "asks": [{"price": 7065, "isBuy": false, "qty": 8764}, {"price": 7100, "isBuy": false, "qty": 8764}, {"price": 7123, "isBuy": false, "qty": 596}, {"price": 7135, "isBuy": false, "qty": 8764}, {"price": 7318, "isBuy": false, "qty": 298}], "bids": [{"price": 6772, "isBuy": true, "qty": 653}, {"price": 6738, "isBuy": true, "qty": 1113}, {"price": 6704, "isBuy": true, "qty": 1113}], "symbol": "FDH", "venue": "IDRVEX", "ts": "2016-04-23T09:10:12.185810602Z"}, {"ok": true, "asks": [{"price": 7065, "isBuy": false, "qty": 8764}, {"price": 7100, "isBuy": false, "qty": 8764}, {"price": 7123, "isBuy": false, "qty": 596}, {"price": 7135, "isBuy": false, "qty": 8764}, {"price": 7318, "isBuy": false, "qty": 298}], "bids": [{"price": 6772, "isBuy": true, "qty": 653}, {"price": 6738, "isBuy": true, "qty": 1113}, {"price": 6704, "isBuy": true, "qty": 1113}], "symbol": "FDH", "venue": "IDRVEX", "ts": "2016-04-23T09:10:13.559296322Z"}, {"ok": true, "asks": [{"price": 7065, "isBuy": false, "qty": 8764}, {"price": 7100, "isBuy": false, "qty": 8764}, {"price": 7123, "isBuy": false, "qty": 596}, {"price": 7135, "isBuy": false, "qty": 8764}, {"price": 7318, "isBuy": false, "qty": 298}], "bids": [{"price": 6772, "isBuy": true, "qty": 653}, {"price": 6738, "isBuy": true, "qty": 1113}, {"price": 6704, "isBuy": true, "qty": 1113}], "symbol": "FDH", "venue": "IDRVEX", "ts": "2016-04-23T09:10:14.018867293Z"}, {"ok": true, "asks": [{"price": 7065, "isBuy": false, "qty": 8764}, {"price": 7100, "isBuy": false, "qty": 8764}, {"price": 7123, "isBuy": false, "qty": 596}, {"price": 7135, "isBuy": false, "qty": 8764}, {"price": 7318, "isBuy": false, "qty": 298}], "bids": [{"price": 6772, "isBuy": true, "qty": 653}, {"price": 6738, "isBuy": true, "qty": 1113}, {"price": 6704, "isBuy": true, "qty": 1113}], "symbol": "FDH", "venue": "IDRVEX", "ts": "2016-04-23T09:10:14.927989018Z"}, {"ok": true, "asks": [{"price": 7065, "isBuy": false, "qty": 8764}, {"price": 7100, "isBuy": false, "qty": 8764}, {"price": 7123, "isBuy": false, "qty": 596}, {"price": 7135, "isBuy": false, "qty": 8764}, {"price": 7318, "isBuy": false, "qty": 298}], "bids": [{"price": 6772, "isBuy": true, "qty": 653}, {"price": 6738, "isBuy": true, "qty": 1113}, {"price": 6704, "isBuy": true, "qty": 1113}], "symbol": "FDH", "venue": "IDRVEX", "ts": "2016-04-23T09:10:16.303719509Z"}, {"ok": true, "asks": [{"price": 7174, "isBuy": false, "qty": 8939}, {"price": 7209, "isBuy": false, "qty": 8939}, {"price": 7244, "isBuy": false, "qty": 8939}, {"price": 7318, "isBuy": false, "qty": 298}], "bids": [{"price": 7149, "isBuy": true, "qty": 158}, {"price": 7044, "isBuy": true, "qty": 1060}, {"price": 6738, "isBuy": true, "qty": 660}], "symbol": "FDH", "venue": "IDRVEX", "ts": "2016-04-23T09:10:17.670707888Z"}, {"ok": true, "asks": [{"price": 7174, "isBuy": false, "qty": 8939}, {"price": 7209, "isBuy": false, "qty": 8939}, {"price": 7244, "isBuy": false, "qty": 8939}, {"price": 7318, "isBuy": false, "qty": 298}], "bids": [{"price": 7149, "isBuy": true, "qty": 158}, {"price": 7044, "isBuy": true, "qty": 1060}, {"price": 6738, "isBuy": true, "qty": 660}], "symbol": "FDH", "venue": "IDRVEX", "ts": "2016-04-23T09:10:17.835530807Z"}, {"ok": true, "asks": [{"price": 7174, "isBuy": false, "qty": 8939}, {"price": 7209, "isBuy": false, "qty": 8939}, {"price": 7244, "isBuy": false, "qty": 8939}, {"price": 7318, "isBuy": false, "qty": 298}], "bids": [{"price": 7149, "isBuy": true, "qty": 158}, {"price": 7044, "isBuy": true, "qty": 1060}, {"price": 6738, "isBuy": true, "qty": 660}], "symbol": "FDH", "venue": "IDRVEX", "ts": "2016-04-23T09:10:18.048698254Z"}, {"ok": true, "asks": [{"price": 7174, "isBuy": false, "qty": 8939}, {"price": 7209, "isBuy": false, "qty": 8939}, {"price": 7244, "isBuy": false, "qty": 8939}, {"price": 7318, "isBuy": false, "qty": 298}], "bids": [{"price": 7149, "isBuy": true, "qty": 158}, {"price": 7044, "isBuy": true, "qty": 1060}, {"price": 6738, "isBuy": true, "qty": 660}], "symbol": "FDH", "venue": "IDRVEX", "ts": "2016-04-23T09:10:19.211132958Z"}, {"ok": true, "asks": [{"price": 7174, "isBuy": false, "qty": 8939}, {"price": 7209, "isBuy": false, "qty": 8939}, {"price": 7244, "isBuy": false, "qty": 8939}, {"price": 7318, "isBuy": false, "qty": 298}], "bids": [{"price": 7149, "isBuy": true, "qty": 158}, {"price": 7044, "isBuy": true, "qty": 1060}, {"price": 6738, "isBuy": true, "qty": 660}], "symbol": "FDH", "venue": "IDRVEX", "ts": "2016-04-23T09:10:19.37483553Z"}, {"ok": true, "asks": [{"price": 7174, "isBuy": false, "qty": 8939}, {"price": 7209, "isBuy": false, "qty": 8939}, {"price": 7209, "isBuy": false, "qty": 669}, {"price": 7244, "isBuy": false, "qty": 8939}, {"price": 7318, "isBuy": false, "qty": 298}], "bids": [{"price": 7149, "isBuy": true, "qty": 158}, {"price": 7044, "isBuy": true, "qty": 1060}, {"price": 6738, "isBuy": true, "qty": 660}], "symbol": "FDH", "venue": "IDRVEX", "ts": "2016-04-23T09:10:20.769730011Z"}, {"ok": true, "asks": [{"price": 7174, "isBuy": false, "qty": 8939}, {"price": 7209, "isBuy": false, "qty": 8939}, {"price": 7209, "isBuy": false, "qty": 669}, {"price": 7244, "isBuy": false, "qty": 8939}, {"price": 7318, "isBuy": false, "qty": 298}], "bids": [{"price": 7149, "isBuy": true, "qty": 158}, {"price": 7044, "isBuy": true, "qty": 1060}, {"price": 6738, "isBuy": true, "qty": 660}], "symbol": "FDH", "venue": "IDRVEX", "ts": "2016-04-23T09:10:20.94341187Z"}, {"ok": true, "asks": [{"price": 7174, "isBuy": false, "qty": 8939}, {"price": 7209, "isBuy": false, "qty": 8939}, {"price": 7209, "isBuy": false, "qty": 669}, {"price": 7244, "isBuy": false, "qty": 8939}, {"price": 7318, "isBuy": false, "qty": 298}], "bids": [{"price": 7149, "isBuy": true, "qty": 158}, {"price": 7044, "isBuy": true, "qty": 1060}, {"price": 6738, "isBuy": true, "qty": 660}], "symbol": "FDH", "venue": "IDRVEX", "ts": "2016-04-23T09:10:21.303402243Z"}, {"ok": true, "asks": [{"price": 7209, "isBuy": false, "qty": 629}, {"price": 7318, "isBuy": false, "qty": 298}, {"price": 7378, "isBuy": false, "qty": 9045}, {"price": 7414, "isBuy": false, "qty": 9045}, {"price": 7450, "isBuy": false, "qty": 9045}], "bids": [{"price": 6738, "isBuy": true, "qty": 660}], "symbol": "FDH", "venue": "IDRVEX", "ts": "2016-04-23T09:10:22.336226454Z"}, {"ok": true, "asks": [{"price": 7209, "isBuy": false, "qty": 629}, {"price": 7318, "isBuy": false, "qty": 298}, {"price": 7378, "isBuy": false, "qty": 9045}, {"price": 7414, "isBuy": false, "qty": 9045}, {"price": 7450, "isBuy": false, "qty": 9045}], "bids": [{"price": 6738, "isBuy": true, "qty": 660}], "symbol": "FDH", "venue": "IDRVEX", "ts": "2016-04-23T09:10:22.839483141Z"}, {"ok": true, "asks": [{"price": 7209, "isBuy": false, "qty": 629}, {"price": 7318, "isBuy": false, "qty": 298}, {"price": 7378, "isBuy": false, "qty": 9045}, {"price": 7414, "isBuy": false, "qty": 9045}, {"price": 7450, "isBuy": false, "qty": 9045}], "bids": null, "symbol": "FDH", "venue": "IDRVEX", "ts": "2016-04-23T09:10:23.175945125Z"}, {"ok": true, "asks": [{"price": 7209, "isBuy": false, "qty": 629}, {"price": 7318, "isBuy": false, "qty": 298}, {"price": 7378, "isBuy": false, "qty": 9045}, {"price": 7414, "isBuy": false, "qty": 9045}, {"price": 7450, "isBuy": false, "qty": 9045}], "bids": null, "symbol": "FDH", "venue": "IDRVEX", "ts": "2016-04-23T09:10:24.140215936Z"}, {"ok": true, "asks": [{"price": 7209, "isBuy": false, "qty": 629}, {"price": 7318, "isBuy": false, "qty": 298}, {"price": 7378, "isBuy": false, "qty": 9045}, {"price": 7414, "isBuy": false, "qty": 9045}, {"price": 7450, "isBuy": false, "qty": 9045}], "bids": null, "symbol": "FDH", "venue": "IDRVEX", "ts": "2016-04-23T09:10:26.381676551Z"}, {"ok": true, "asks": [{"price": 7209, "isBuy": false, "qty": 629}, {"price": 7318, "isBuy": false, "qty": 298}, {"price": 7378, "isBuy": false, "qty": 9045}, {"price": 7414, "isBuy": false, "qty": 9045}, {"price": 7450, "isBuy": false, "qty": 9045}], "bids": null, "symbol": "FDH", "venue": "IDRVEX", "ts": "2016-04-23T09:10:26.560982646Z"}, {"ok": true, "asks": [{"price": 6694, "isBuy": false, "qty": 484}, {"price": 6718, "isBuy": false, "qty": 673}, {"price": 6824, "isBuy": false, "qty": 9078}, {"price": 6857, "isBuy": false, "qty": 9078}, {"price": 6890, "isBuy": false, "qty": 9078}, {"price": 7009, "isBuy": false, "qty": 352}, {"price": 7209, "isBuy": false, "qty": 629}, {"price": 7318, "isBuy": false, "qty": 298}], "bids": [{"price": 6661, "isBuy": true, "qty": 921}, {"price": 6628, "isBuy": true, "qty": 921}, {"price": 6595, "isBuy": true, "qty": 921}], "symbol": "FDH", "venue": "IDRVEX", "ts": "2016-04-23T09:10:27.511489598Z"}, {"ok": true, "asks": [{"price": 6694, "isBuy": false, "qty": 484}, {"price": 6718, "isBuy": false, "qty": 673}, {"price": 6824, "isBuy": false, "qty": 9078}, {"price": 6857, "isBuy": false, "qty": 9078}, {"price": 6890, "isBuy": false, "qty": 9078}, {"price": 7009, "isBuy": false, "qty": 352}, {"price": 7209, "isBuy": false, "qty": 629}, {"price": 7318, "isBuy": false, "qty": 298}], "bids": [{"price": 6661, "isBuy": true, "qty": 921}, {"price": 6628, "isBuy": true, "qty": 921}, {"price": 6595, "isBuy": true, "qty": 921}], "symbol": "FDH", "venue": "IDRVEX", "ts": "2016-04-23T09:10:27.925955248Z"}, {"ok": true, "asks": [{"price": 6694, "isBuy": false, "qty": 484}, {"price": 6718, "isBuy": false, "qty": 673}, {"price": 6824, "isBuy": false, "qty": 9078}, {"price": 6857, "isBuy": false, "qty": 9078}, {"price": 6890, "isBuy": false, "qty": 9078}, {"price": 7009, "isBuy": false, "qty": 352}, {"price": 7209, "isBuy": false, "qty": 629}, {"price": 7318, "isBuy": false, "qty": 298}], "bids": [{"price": 6661, "isBuy": true, "qty": 921}, {"price": 6628, "isBuy": true, "qty": 921}, {"price": 6595, "isBuy": true, "qty": 921}], "symbol": "FDH", "venue": "IDRVEX", "ts": "2016-04-23T09:10:28.090333152Z"}, {"ok": true, "asks": [{"price": 6694, "isBuy": false, "qty": 484}, {"price": 6718, "isBuy": false, "qty": 673}, {"price": 6824, "isBuy": false, "qty": 9078}, {"price": 6857, "isBuy": false, "qty": 9078}, {"price": 6890, "isBuy": false, "qty": 9078}, {"price": 7009, "isBuy": false, "qty": 352}, {"price": 7209, "isBuy": false, "qty": 629}, {"price": 7318, "isBuy": false, "qty": 298}], "bids": [{"price": 6661, "isBuy": true, "qty": 921}, {"price": 6628, "isBuy": true, "qty": 921}, {"price": 6595, "isBuy": true, "qty": 921}], "symbol": "FDH", "venue": "IDRVEX", "ts": "2016-04-23T09:10:29.462480684Z"}, {"ok": true, "asks": [{"price": 6694, "isBuy": false, "qty": 484}, {"price": 6718, "isBuy": false, "qty": 673}, {"price": 6824, "isBuy": false, "qty": 9078}, {"price": 6857, "isBuy": false, "qty": 9078}, {"price": 6890, "isBuy": false, "qty": 9078}, {"price": 7009, "isBuy": false, "qty": 352}, {"price": 7209, "isBuy": false, "qty": 629}, {"price": 7318, "isBuy": false, "qty": 298}], "bids": [{"price": 6661, "isBuy": true, "qty": 921}, {"price": 6628, "isBuy": true, "qty": 921}, {"price": 6595, "isBuy": true, "qty": 921}], "symbol": "FDH", "venue": "IDRVEX", "ts": "2016-04-23T09:10:29.631528957Z"}, {"ok": true, "asks": [{"price": 6718, "isBuy": false, "qty": 176}, {"price": 6824, "isBuy": false, "qty": 9078}, {"price": 6857, "isBuy": false, "qty": 9078}, {"price": 6890, "isBuy": false, "qty": 9078}, {"price": 7009, "isBuy": false, "qty": 352}, {"price": 7209, "isBuy": false, "qty": 629}, {"price": 7318, "isBuy": false, "qty": 298}], "bids": [{"price": 6661, "isBuy": true, "qty": 921}, {"price": 6628, "isBuy": true, "qty": 921}, {"price": 6628, "isBuy": true, "qty": 995}, {"price": 6595, "isBuy": true, "qty": 921}], "symbol": "FDH", "venue": "IDRVEX", "ts": "2016-04-23T09:10:31.409205439Z"}, {"ok": true, "asks": [{"price": 6718, "isBuy": false, "qty": 176}, {"price": 6824, "isBuy": false, "qty": 9078}, {"price": 6857, "isBuy": false, "qty": 9078}, {"price": 6890, "isBuy": false, "qty": 9078}, {"price": 7009, "isBuy": false, "qty": 352}, {"price": 7209, "isBuy": false, "qty": 629}, {"price": 7318, "isBuy": false, "qty": 298}], "bids": [{"price": 6661, "isBuy": true, "qty": 921}, {"price": 6628, "isBuy": true, "qty": 921}, {"price": 6628, "isBuy": true, "qty": 995}, {"price": 6595, "isBuy": true, "qty": 921}], "symbol": "FDH", "venue": "IDRVEX", "ts": "2016-04-23T09:10:31.415034717Z"}, {"ok": true, "asks": [{"price": 6718, "isBuy": false, "qty": 176}, {"price": 6824, "isBuy": false, "qty": 9078}, {"price": 6857, "isBuy": false, "qty": 9078}, {"price": 6890, "isBuy": false, "qty": 9078}, {"price": 7009, "isBuy": false, "qty": 352}, {"price": 7209, "isBuy": false, "qty": 629}, {"price": 7318, "isBuy": false, "qty": 298}], "bids": [{"price": 6661, "isBuy": true, "qty": 921}, {"price": 6628, "isBuy": true, "qty": 921}, {"price": 6628, "isBuy": true, "qty": 995}, {"price": 6595, "isBuy": true, "qty": 921}], "symbol": "FDH", "venue": "IDRVEX", "ts": "2016-04-23T09:10:31.577739155Z"}, {"ok": true, "asks": [{"price": 7209, "isBuy": false, "qty": 629}, {"price": 7279, "isBuy": false, "qty": 8994}, {"price": 7315, "isBuy": false, "qty": 8994}, {"price": 7318, "isBuy": false, "qty": 298}, {"price": 7351, "isBuy": false, "qty": 8994}], "bids": [{"price": 6628, "isBuy": true, "qty": 995}], "symbol": "FDH", "venue": "IDRVEX", "ts": "2016-04-23T09:10:31.744953725Z"}, {"ok": true, "asks": [{"price": 7279, "isBuy": false, "qty": 9032}, {"price": 7315, "isBuy": false, "qty": 9032}, {"price": 7318, "isBuy": false, "qty": 298}, {"price": 7351, "isBuy": false, "qty": 9032}], "bids": [{"price": 6628, "isBuy": true, "qty": 995}], "symbol": "FDH", "venue": "IDRVEX", "ts": "2016-04-23T09:10:33.131911009Z"}, {"ok": true, "asks": [{"price": 7279, "isBuy": false, "qty": 9032}, {"price": 7315, "isBuy": false, "qty": 9032}, {"price": 7318, "isBuy": false, "qty": 298}, {"price": 7351, "isBuy": false, "qty": 9032}], "bids": [{"price": 6628, "isBuy": true, "qty": 995}], "symbol": "FDH", "venue": "IDRVEX", "ts": "2016-04-23T09:10:33.301287556Z"}, {"ok": true, "asks": [{"price": 7279, "isBuy": false, "qty": 9032}, {"price": 7315, "isBuy": false, "qty": 9032}, {"price": 7318, "isBuy": false, "qty": 298}, {"price": 7351, "isBuy": false, "qty": 9032}], "bids": [{"price": 6628, "isBuy": true, "qty": 504}], "symbol": "FDH", "venue": "IDRVEX", "ts": "2016-04-23T09:10:34.813825805Z"}, {"ok": true, "asks": [{"price": 7279, "isBuy": false, "qty": 9032}, {"price": 7315, "isBuy": false, "qty": 9032}, {"price": 7318, "isBuy": false, "qty": 298}, {"price": 7351, "isBuy": false, "qty": 9032}], "bids": [{"price": 6628, "isBuy": true, "qty": 504}], "symbol": "FDH", "venue": "IDRVEX", "ts": "2016-04-23T09:10:34.857531154Z"}, {"ok": true, "asks": [{"price": 7279, "isBuy": false, "qty": 9032}, {"price": 7315, "isBuy": false, "qty": 9032}, {"price": 7318, "isBuy": false, "qty": 298}, {"price": 7351, "isBuy": false, "qty": 9032}], "bids": [{"price": 6628, "isBuy": true, "qty": 504}], "symbol": "FDH", "venue": "IDRVEX", "ts": "2016-04-23T09:10:35.013302307Z"}, {"ok": true, "asks": [{"price": 7279, "isBuy": false, "qty": 9032}, {"price": 7315, "isBuy": false, "qty": 9032}, {"price": 7318, "isBuy": false, "qty": 298}, {"price": 7351, "isBuy": false, "qty": 9032}], "bids": null, "symbol": "FDH", "venue": "IDRVEX", "ts": "2016-04-23T09:10:36.559813259Z"}, {"ok": true, "asks": [{"price": 6806, "isBuy": false, "qty": 8848}, {"price": 6839, "isBuy": false, "qty": 8848}, {"price": 6872, "isBuy": false, "qty": 8848}, {"price": 7318, "isBuy": false, "qty": 298}], "bids": [{"price": 6740, "isBuy": true, "qty": 1047}, {"price": 6707, "isBuy": true, "qty": 1047}, {"price": 6674, "isBuy": true, "qty": 1047}], "symbol": "FDH", "venue": "IDRVEX", "ts": "2016-04-23T09:10:37.636793023Z"}, {"ok": true, "asks": [{"price": 6806, "isBuy": false, "qty": 8848}, {"price": 6839, "isBuy": false, "qty": 8848}, {"price": 6872, "isBuy": false, "qty": 8848}, {"price": 7318, "isBuy": false, "qty": 298}], "bids": [{"price": 6740, "isBuy": true, "qty": 1047}, {"price": 6707, "isBuy": true, "qty": 1047}, {"price": 6674, "isBuy": true, "qty": 1047}], "symbol": "FDH", "venue": "IDRVEX", "ts": "2016-04-23T09:10:37.938791905Z"}, {"ok": true, "asks": [{"price": 6806, "isBuy": false, "qty": 8848}, {"price": 6839, "isBuy": false, "qty": 8848}, {"price": 6872, "isBuy": false, "qty": 8848}, {"price": 7318, "isBuy": false, "qty": 298}], "bids": [{"price": 6740, "isBuy": true, "qty": 1047}, {"price": 6707, "isBuy": true, "qty": 1047}, {"price": 6674, "isBuy": true, "qty": 1047}], "symbol": "FDH", "venue": "IDRVEX", "ts": "2016-04-23T09:10:39.310224996Z"}, {"ok": true, "asks": [{"price": 6806, "isBuy": false, "qty": 8848}, {"price": 6839, "isBuy": false, "qty": 8848}, {"price": 6872, "isBuy": false, "qty": 8848}, {"price": 7318, "isBuy": false, "qty": 298}], "bids": [{"price": 6740, "isBuy": true, "qty": 1047}, {"price": 6707, "isBuy": true, "qty": 1047}, {"price": 6674, "isBuy": true, "qty": 1047}], "symbol": "FDH", "venue": "IDRVEX", "ts": "2016-04-23T09:10:40.694563159Z"}, {"ok": true, "asks": [{"price": 6806, "isBuy": false, "qty": 8596}, {"price": 6839, "isBuy": false, "qty": 8848}, {"price": 6872, "isBuy": false, "qty": 8848}, {"price": 7318, "isBuy": false, "qty": 298}], "bids": [{"price": 6740, "isBuy": true, "qty": 1047}, {"price": 6707, "isBuy": true, "qty": 1047}, {"price": 6707, "isBuy": true, "qty": 504}, {"price": 6674, "isBuy": true, "qty": 1047}], "symbol": "FDH", "venue": "IDRVEX", "ts": "2016-04-23T09:10:41.522046445Z"}, {"ok": true, "asks": [{"price": 7125, "isBuy": false, "qty": 8768}, {"price": 7160, "isBuy": false, "qty": 8768}, {"price": 7195, "isBuy": false, "qty": 8768}, {"price": 7318, "isBuy": false, "qty": 298}], "bids": [{"price": 6707, "isBuy": true, "qty": 504}], "symbol": "FDH", "venue": "IDRVEX", "ts": "2016-04-23T09:10:42.064406484Z"}, {"ok": true, "asks": [{"price": 7125, "isBuy": false, "qty": 8768}, {"price": 7160, "isBuy": false, "qty": 8768}, {"price": 7195, "isBuy": false, "qty": 8768}, {"price": 7318, "isBuy": false, "qty": 298}], "bids": [{"price": 6707, "isBuy": true, "qty": 504}], "symbol": "FDH", "venue": "IDRVEX", "ts": "2016-04-23T09:10:42.232201429Z"}, {"ok": true, "asks": [{"price": 7125, "isBuy": false, "qty": 8768}, {"price": 7160, "isBuy": false, "qty": 8768}, {"price": 7195, "isBuy": false, "qty": 8768}, {"price": 7318, "isBuy": false, "qty": 298}], "bids": null, "symbol": "FDH", "venue": "IDRVEX", "ts": "2016-04-23T09:10:43.776800631Z"}, {"ok": true, "asks": [{"price": 7125, "isBuy": false, "qty": 8768}, {"price": 7160, "isBuy": false, "qty": 8768}, {"price": 7195, "isBuy": false, "qty": 8768}, {"price": 7318, "isBuy": false, "qty": 298}], "bids": null, "symbol": "FDH", "venue": "IDRVEX", "ts": "2016-04-23T09:10:44.402100976Z"}, {"ok": true, "asks": [{"price": 7125, "isBuy": false, "qty": 8768}, {"price": 7160, "isBuy": false, "qty": 8768}, {"price": 7195, "isBuy": false, "qty": 8768}, {"price": 7318, "isBuy": false, "qty": 298}], "bids": null, "symbol": "FDH", "venue": "IDRVEX", "ts": "2016-04-23T09:10:45.148284971Z"}, {"ok": true, "asks": [{"price": 7125, "isBuy": false, "qty": 8768}, {"price": 7160, "isBuy": false, "qty": 8768}, {"price": 7195, "isBuy": false, "qty": 8768}, {"price": 7318, "isBuy": false, "qty": 298}], "bids": null, "symbol": "FDH", "venue": "IDRVEX", "ts": "2016-04-23T09:10:46.54487462Z"}, {"ok": true, "asks": [{"price": 6895, "isBuy": false, "qty": 6037}, {"price": 6929, "isBuy": false, "qty": 6037}, {"price": 6963, "isBuy": false, "qty": 6037}, {"price": 7160, "isBuy": false, "qty": 621}, {"price": 7318, "isBuy": false, "qty": 298}], "bids": [{"price": 6790, "isBuy": true, "qty": 191}, {"price": 6690, "isBuy": true, "qty": 3962}, {"price": 6657, "isBuy": true, "qty": 3962}, {"price": 6624, "isBuy": true, "qty": 3962}, {"price": 4404, "isBuy": true, "qty": 86765}], "symbol": "FDH", "venue": "IDRVEX", "ts": "2016-04-23T09:10:47.910470819Z"}, {"ok": true, "asks": [{"price": 6895, "isBuy": false, "qty": 6037}, {"price": 6929, "isBuy": false, "qty": 6037}, {"price": 6963, "isBuy": false, "qty": 6037}, {"price": 7160, "isBuy": false, "qty": 621}, {"price": 7318, "isBuy": false, "qty": 298}], "bids": [{"price": 6790, "isBuy": true, "qty": 191}, {"price": 6690, "isBuy": true, "qty": 3962}, {"price": 6657, "isBuy": true, "qty": 3962}, {"price": 6624, "isBuy": true, "qty": 3962}, {"price": 4404, "isBuy": true, "qty": 86765}], "symbol": "FDH", "venue": "IDRVEX", "ts": "2016-04-23T09:10:48.071282714Z"}, {"ok": true, "asks": [{"price": 6895, "isBuy": false, "qty": 6037}, {"price": 6929, "isBuy": false, "qty": 6037}, {"price": 6963, "isBuy": false, "qty": 6037}, {"price": 7160, "isBuy": false, "qty": 621}, {"price": 7318, "isBuy": false, "qty": 298}], "bids": [{"price": 6790, "isBuy": true, "qty": 191}, {"price": 6690, "isBuy": true, "qty": 3962}, {"price": 6657, "isBuy": true, "qty": 3962}, {"price": 6624, "isBuy": true, "qty": 3962}, {"price": 4404, "isBuy": true, "qty": 86765}], "symbol": "FDH", "venue": "IDRVEX", "ts": "2016-04-23T09:10:48.430294361Z"}, {"ok": true, "asks": [{"price": 6895, "isBuy": false, "qty": 6037}, {"price": 6929, "isBuy": false, "qty": 6037}, {"price": 6963, "isBuy": false, "qty": 6037}, {"price": 7160, "isBuy": false, "qty": 621}, {"price": 7318, "isBuy": false, "qty": 298}], "bids": [{"price": 6790, "isBuy": true, "qty": 191}, {"price": 6690, "isBuy": true, "qty": 3962}, {"price": 6657, "isBuy": true, "qty": 3962}, {"price": 6624, "isBuy": true, "qty": 3962}, {"price": 4404, "isBuy": true, "qty": 86765}], "symbol": "FDH", "venue": "IDRVEX", "ts": "2016-04-23T09:10:49.458912905Z"}, {"ok": true, "asks": [{"price": 6895, "isBuy": false, "qty": 6037}, {"price": 6929, "isBuy": false, "qty": 6037}, {"price": 6963, "isBuy": false, "qty": 6037}, {"price": 7160, "isBuy": false, "qty": 621}, {"price": 7318, "isBuy": false, "qty": 298}], "bids": [{"price": 6790, "isBuy": true, "qty": 191}, {"price": 6690, "isBuy": true, "qty": 3962}, {"price": 6657, "isBuy": true, "qty": 3962}, {"price": 6624, "isBuy": true, "qty": 3962}, {"price": 4404, "isBuy": true, "qty": 86765}], "symbol": "FDH", "venue": "IDRVEX", "ts": "2016-04-23T09:10:49.630161162Z"}, {"ok": true, "asks": [{"price": 6895, "isBuy": false, "qty": 6037}, {"price": 6929, "isBuy": false, "qty": 6037}, {"price": 6963, "isBuy": false, "qty": 6037}, {"price": 7160, "isBuy": false, "qty": 621}, {"price": 7318, "isBuy": false, "qty": 298}], "bids": [{"price": 6790, "isBuy": true, "qty": 191}, {"price": 6690, "isBuy": true, "qty": 3962}, {"price": 6657, "isBuy": true, "qty": 3962}, {"price": 6624, "isBuy": true, "qty": 3962}, {"price": 4404, "isBuy": true, "qty": 86765}], "symbol": "FDH", "venue": "IDRVEX", "ts": "2016-04-23T09:10:51.024113633Z"}, {"ok": true, "asks": [{"price": 6895, "isBuy": false, "qty": 6037}, {"price": 6929, "isBuy": false, "qty": 6037}, {"price": 6963, "isBuy": false, "qty": 6037}, {"price": 7160, "isBuy": false, "qty": 621}, {"price": 7318, "isBuy": false, "qty": 298}], "bids": [{"price": 6790, "isBuy": true, "qty": 191}, {"price": 6690, "isBuy": true, "qty": 3962}, {"price": 6657, "isBuy": true, "qty": 3962}, {"price": 6624, "isBuy": true, "qty": 3962}, {"price": 4404, "isBuy": true, "qty": 86765}], "symbol": "FDH", "venue": "IDRVEX", "ts": "2016-04-23T09:10:51.198507846Z"}, {"ok": true, "asks": [{"price": 6895, "isBuy": false, "qty": 6037}, {"price": 6929, "isBuy": false, "qty": 6037}, {"price": 6963, "isBuy": false, "qty": 6037}, {"price": 7160, "isBuy": false, "qty": 621}, {"price": 7318, "isBuy": false, "qty": 298}], "bids": [{"price": 6790, "isBuy": true, "qty": 191}, {"price": 6690, "isBuy": true, "qty": 3962}, {"price": 6657, "isBuy": true, "qty": 3962}, {"price": 6624, "isBuy": true, "qty": 3962}, {"price": 4404, "isBuy": true, "qty": 86765}], "symbol": "FDH", "venue": "IDRVEX", "ts": "2016-04-23T09:10:51.580490628Z"}, {"ok": true, "asks": [{"price": 7334, "isBuy": false, "qty": 6023}, {"price": 7370, "isBuy": false, "qty": 6023}, {"price": 7406, "isBuy": false, "qty": 6023}], "bids": [{"price": 6690, "isBuy": true, "qty": 689}], "symbol": "FDH", "venue": "IDRVEX", "ts": "2016-04-23T09:10:55.216350232Z"}, {"ok": true, "asks": [{"price": 7334, "isBuy": false, "qty": 6023}, {"price": 7370, "isBuy": false, "qty": 6023}, {"price": 7406, "isBuy": false, "qty": 6023}], "bids": [{"price": 6690, "isBuy": true, "qty": 689}], "symbol": "FDH", "venue": "IDRVEX", "ts": "2016-04-23T09:10:55.40247255Z"}, {"ok": true, "asks": [{"price": 7223, "isBuy": false, "qty": 5922}, {"price": 7258, "isBuy": false, "qty": 6200}, {"price": 7293, "isBuy": false, "qty": 6200}], "bids": [{"price": 6983, "isBuy": true, "qty": 216}, {"price": 6658, "isBuy": true, "qty": 3703}, {"price": 6625, "isBuy": true, "qty": 3703}, {"price": 6592, "isBuy": true, "qty": 3703}], "symbol": "FDH", "venue": "IDRVEX", "ts": "2016-04-23T09:10:57.932334044Z"}, {"ok": true, "asks": null, "bids": [{"price": 6997, "isBuy": true, "qty": 51}, {"price": 6962, "isBuy": true, "qty": 51}, {"price": 6927, "isBuy": true, "qty": 51}, {"price": 6658, "isBuy": true, "qty": 689}], "symbol": "FDH", "venue": "IDRVEX", "ts": "2016-04-23T09:11:01.814434226Z"}, {"ok": true, "asks": [{"price": 7067, "isBuy": false, "qty": 6217}, {"price": 7102, "isBuy": false, "qty": 6217}, {"price": 7137, "isBuy": false, "qty": 6217}], "bids": [{"price": 6997, "isBuy": true, "qty": 3731}, {"price": 6962, "isBuy": true, "qty": 3731}, {"price": 6927, "isBuy": true, "qty": 3731}, {"price": 6658, "isBuy": true, "qty": 689}], "symbol": "FDH", "venue": "IDRVEX", "ts": "2016-04-23T09:11:01.97894419Z"}, {"ok": true, "asks": [{"price": 7067, "isBuy": false, "qty": 6217}, {"price": 7102, "isBuy": false, "qty": 6217}, {"price": 7137, "isBuy": false, "qty": 6217}], "bids": [{"price": 6997, "isBuy": true, "qty": 3731}, {"price": 6962, "isBuy": true, "qty": 3731}, {"price": 6927, "isBuy": true, "qty": 3731}, {"price": 6658, "isBuy": true, "qty": 689}], "symbol": "FDH", "venue": "IDRVEX", "ts": "2016-04-23T09:11:03.212600676Z"}, {"ok": true, "asks": [{"price": 7067, "isBuy": false, "qty": 6217}, {"price": 7102, "isBuy": false, "qty": 6217}, {"price": 7102, "isBuy": false, "qty": 655}, {"price": 7137, "isBuy": false, "qty": 6217}], "bids": [{"price": 6997, "isBuy": true, "qty": 3731}, {"price": 6962, "isBuy": true, "qty": 3731}, {"price": 6927, "isBuy": true, "qty": 3731}, {"price": 6658, "isBuy": true, "qty": 689}], "symbol": "FDH", "venue": "IDRVEX", "ts": "2016-04-23T09:11:04.587536743Z"}, {"ok": true, "asks": [{"price": 7067, "isBuy": false, "qty": 6217}, {"price": 7102, "isBuy": false, "qty": 6217}, {"price": 7102, "isBuy": false, "qty": 655}, {"price": 7137, "isBuy": false, "qty": 6217}], "bids": [{"price": 6997, "isBuy": true, "qty": 3731}, {"price": 6962, "isBuy": true, "qty": 3731}, {"price": 6927, "isBuy": true, "qty": 3731}, {"price": 6658, "isBuy": true, "qty": 689}], "symbol": "FDH", "venue": "IDRVEX", "ts": "2016-04-23T09:11:05.152680603Z"}, {"ok": true, "asks": [{"price": 7067, "isBuy": false, "qty": 6217}, {"price": 7102, "isBuy": false, "qty": 6217}, {"price": 7102, "isBuy": false, "qty": 655}, {"price": 7137, "isBuy": false, "qty": 6217}], "bids": [{"price": 6997, "isBuy": true, "qty": 3731}, {"price": 6962, "isBuy": true, "qty": 3731}, {"price": 6927, "isBuy": true, "qty": 3731}, {"price": 6658, "isBuy": true, "qty": 689}], "symbol": "FDH", "venue": "IDRVEX", "ts": "2016-04-23T09:11:05.981825902Z"}, {"ok": true, "asks": [{"price": 7067, "isBuy": false, "qty": 6217}, {"price": 7102, "isBuy": false, "qty": 6217}, {"price": 7102, "isBuy": false, "qty": 655}, {"price": 7137, "isBuy": false, "qty": 6217}], "bids": [{"price": 6997, "isBuy": true, "qty": 3731}, {"price": 6962, "isBuy": true, "qty": 3731}, {"price": 6927, "isBuy": true, "qty": 3731}, {"price": 6658, "isBuy": true, "qty": 689}], "symbol": "FDH", "venue": "IDRVEX", "ts": "2016-04-23T09:11:06.145488292Z"}, {"ok": true, "asks": [{"price": 7102, "isBuy": false, "qty": 655}], "bids": [{"price": 6870, "isBuy": true, "qty": 3562}, {"price": 6836, "isBuy": true, "qty": 3562}, {"price": 6802, "isBuy": true, "qty": 3562}, {"price": 6658, "isBuy": true, "qty": 689}], "symbol": "FDH", "venue": "IDRVEX", "ts": "2016-04-23T09:11:07.523906442Z"}, {"ok": true, "asks": [{"price": 7102, "isBuy": false, "qty": 655}], "bids": [{"price": 6870, "isBuy": true, "qty": 3562}, {"price": 6836, "isBuy": true, "qty": 3562}, {"price": 6802, "isBuy": true, "qty": 3562}, {"price": 6658, "isBuy": true, "qty": 689}], "symbol": "FDH", "venue": "IDRVEX", "ts": "2016-04-23T09:11:07.689160631Z"}, {"ok": true, "asks": [{"price": 7102, "isBuy": false, "qty": 655}], "bids": [{"price": 6870, "isBuy": true, "qty": 3562}, {"price": 6836, "isBuy": true, "qty": 3562}, {"price": 6802, "isBuy": true, "qty": 3562}, {"price": 6658, "isBuy": true, "qty": 689}], "symbol": "FDH", "venue": "IDRVEX", "ts": "2016-04-23T09:11:08.070662116Z"}, {"ok": true, "asks": [{"price": 7102, "isBuy": false, "qty": 655}], "bids": [{"price": 6870, "isBuy": true, "qty": 3562}, {"price": 6836, "isBuy": true, "qty": 3562}, {"price": 6802, "isBuy": true, "qty": 3562}, {"price": 6658, "isBuy": true, "qty": 689}], "symbol": "FDH", "venue": "IDRVEX", "ts": "2016-04-23T09:11:09.061268772Z"}, {"ok": true, "asks": [{"price": 7102, "isBuy": false, "qty": 655}], "bids": [{"price": 6870, "isBuy": true, "qty": 3562}, {"price": 6836, "isBuy": true, "qty": 3562}, {"price": 6802, "isBuy": true, "qty": 3562}, {"price": 6658, "isBuy": true, "qty": 689}], "symbol": "FDH", "venue": "IDRVEX", "ts": "2016-04-23T09:11:09.226487925Z"}, {"ok": true, "asks": [{"price": 7102, "isBuy": false, "qty": 655}], "bids": [{"price": 6870, "isBuy": true, "qty": 3562}, {"price": 6836, "isBuy": true, "qty": 3562}, {"price": 6802, "isBuy": true, "qty": 3562}, {"price": 6658, "isBuy": true, "qty": 689}], "symbol": "FDH", "venue": "IDRVEX", "ts": "2016-04-23T09:11:10.611676553Z"}, {"ok": true, "asks": [{"price": 7102, "isBuy": false, "qty": 655}], "bids": [{"price": 6870, "isBuy": true, "qty": 3562}, {"price": 6836, "isBuy": true, "qty": 3562}, {"price": 6802, "isBuy": true, "qty": 3562}, {"price": 6658, "isBuy": true, "qty": 689}], "symbol": "FDH", "venue": "IDRVEX", "ts": "2016-04-23T09:11:10.768451149Z"}, {"ok": true, "asks": [{"price": 7003, "isBuy": false, "qty": 6237}, {"price": 7037, "isBuy": false, "qty": 6237}, {"price": 7071, "isBuy": false, "qty": 6237}, {"price": 7102, "isBuy": false, "qty": 534}], "bids": [{"price": 6935, "isBuy": true, "qty": 3562}, {"price": 6901, "isBuy": true, "qty": 3562}, {"price": 6867, "isBuy": true, "qty": 3562}, {"price": 6836, "isBuy": true, "qty": 672}, {"price": 6658, "isBuy": true, "qty": 689}], "symbol": "FDH", "venue": "IDRVEX", "ts": "2016-04-23T09:11:12.129747439Z"}, {"ok": true, "asks": [{"price": 7003, "isBuy": false, "qty": 6237}, {"price": 7037, "isBuy": false, "qty": 6237}, {"price": 7071, "isBuy": false, "qty": 6237}, {"price": 7102, "isBuy": false, "qty": 534}], "bids": [{"price": 6935, "isBuy": true, "qty": 3562}, {"price": 6901, "isBuy": true, "qty": 3562}, {"price": 6867, "isBuy": true, "qty": 3562}, {"price": 6836, "isBuy": true, "qty": 672}, {"price": 6658, "isBuy": true, "qty": 689}], "symbol": "FDH", "venue": "IDRVEX", "ts": "2016-04-23T09:11:12.169882101Z"}, {"ok": true, "asks": [{"price": 7003, "isBuy": false, "qty": 6237}, {"price": 7037, "isBuy": false, "qty": 6237}, {"price": 7071, "isBuy": false, "qty": 6237}, {"price": 7102, "isBuy": false, "qty": 534}], "bids": [{"price": 6935, "isBuy": true, "qty": 3562}, {"price": 6901, "isBuy": true, "qty": 3562}, {"price": 6867, "isBuy": true, "qty": 3562}, {"price": 6836, "isBuy": true, "qty": 672}, {"price": 6658, "isBuy": true, "qty": 689}], "symbol": "FDH", "venue": "IDRVEX", "ts": "2016-04-23T09:11:12.335204317Z"}, {"ok": true, "asks": [{"price": 7003, "isBuy": false, "qty": 6237}, {"price": 7037, "isBuy": false, "qty": 6237}, {"price": 7071, "isBuy": false, "qty": 6237}, {"price": 7102, "isBuy": false, "qty": 534}], "bids": [{"price": 6935, "isBuy": true, "qty": 3562}, {"price": 6901, "isBuy": true, "qty": 3562}, {"price": 6867, "isBuy": true, "qty": 3562}, {"price": 6836, "isBuy": true, "qty": 672}, {"price": 6658, "isBuy": true, "qty": 689}], "symbol": "FDH", "venue": "IDRVEX", "ts": "2016-04-23T09:11:12.497226452Z"}, {"ok": true, "asks": [{"price": 7003, "isBuy": false, "qty": 6237}, {"price": 7037, "isBuy": false, "qty": 6237}, {"price": 7071, "isBuy": false, "qty": 6237}, {"price": 7102, "isBuy": false, "qty": 534}], "bids": [{"price": 6935, "isBuy": true, "qty": 3562}, {"price": 6901, "isBuy": true, "qty": 3562}, {"price": 6867, "isBuy": true, "qty": 3562}, {"price": 6836, "isBuy": true, "qty": 672}, {"price": 6658, "isBuy": true, "qty": 689}], "symbol": "FDH", "venue": "IDRVEX", "ts": "2016-04-23T09:11:13.905162155Z"}, {"ok": true, "asks": [{"price": 7003, "isBuy": false, "qty": 6237}, {"price": 7037, "isBuy": false, "qty": 6237}, {"price": 7071, "isBuy": false, "qty": 6237}, {"price": 7102, "isBuy": false, "qty": 534}], "bids": [{"price": 6935, "isBuy": true, "qty": 3562}, {"price": 6901, "isBuy": true, "qty": 3562}, {"price": 6867, "isBuy": true, "qty": 3562}, {"price": 6836, "isBuy": true, "qty": 672}, {"price": 6658, "isBuy": true, "qty": 689}], "symbol": "FDH", "venue": "IDRVEX", "ts": "2016-04-23T09:11:14.06421036Z"}, {"ok": true, "asks": [{"price": 7003, "isBuy": false, "qty": 6237}, {"price": 7037, "isBuy": false, "qty": 6237}, {"price": 7071, "isBuy": false, "qty": 6237}, {"price": 7102, "isBuy": false, "qty": 534}], "bids": [{"price": 6935, "isBuy": true, "qty": 3562}, {"price": 6901, "isBuy": true, "qty": 3562}, {"price": 6867, "isBuy": true, "qty": 3562}, {"price": 6836, "isBuy": true, "qty": 672}, {"price": 6658, "isBuy": true, "qty": 689}], "symbol": "FDH", "venue": "IDRVEX", "ts": "2016-04-23T09:11:14.227519459Z"}, {"ok": true, "asks": [{"price": 7003, "isBuy": false, "qty": 6237}, {"price": 7037, "isBuy": false, "qty": 6237}, {"price": 7037, "isBuy": false, "qty": 664}, {"price": 7071, "isBuy": false, "qty": 6237}, {"price": 7102, "isBuy": false, "qty": 534}], "bids": [{"price": 6935, "isBuy": true, "qty": 3562}, {"price": 6901, "isBuy": true, "qty": 3562}, {"price": 6867, "isBuy": true, "qty": 3562}, {"price": 6836, "isBuy": true, "qty": 672}, {"price": 6658, "isBuy": true, "qty": 689}], "symbol": "FDH", "venue": "IDRVEX", "ts": "2016-04-23T09:11:15.527256519Z"}, {"ok": true, "asks": [{"price": 7003, "isBuy": false, "qty": 6237}, {"price": 7037, "isBuy": false, "qty": 6237}, {"price": 7037, "isBuy": false, "qty": 664}, {"price": 7071, "isBuy": false, "qty": 6237}, {"price": 7102, "isBuy": false, "qty": 534}], "bids": [{"price": 6935, "isBuy": true, "qty": 3562}, {"price": 6901, "isBuy": true, "qty": 3562}, {"price": 6867, "isBuy": true, "qty": 3562}, {"price": 6836, "isBuy": true, "qty": 672}, {"price": 6658, "isBuy": true, "qty": 689}], "symbol": "FDH", "venue": "IDRVEX", "ts": "2016-04-23T09:11:15.620616732Z"}, {"ok": true, "asks": [{"price": 7003, "isBuy": false, "qty": 6237}, {"price": 7037, "isBuy": false, "qty": 6237}, {"price": 7037, "isBuy": false, "qty": 664}, {"price": 7071, "isBuy": false, "qty": 6237}, {"price": 7102, "isBuy": false, "qty": 534}], "bids": [{"price": 6935, "isBuy": true, "qty": 3562}, {"price": 6901, "isBuy": true, "qty": 3562}, {"price": 6867, "isBuy": true, "qty": 3562}, {"price": 6836, "isBuy": true, "qty": 672}, {"price": 6658, "isBuy": true, "qty": 689}], "symbol": "FDH", "venue": "IDRVEX", "ts": "2016-04-23T09:11:15.787367362Z"}, {"ok": true, "asks": [{"price": 7003, "isBuy": false, "qty": 6237}, {"price": 7037, "isBuy": false, "qty": 6237}, {"price": 7037, "isBuy": false, "qty": 664}, {"price": 7071, "isBuy": false, "qty": 6237}, {"price": 7102, "isBuy": false, "qty": 534}], "bids": [{"price": 6935, "isBuy": true, "qty": 3562}, {"price": 6901, "isBuy": true, "qty": 3562}, {"price": 6867, "isBuy": true, "qty": 3562}, {"price": 6836, "isBuy": true, "qty": 672}, {"price": 6658, "isBuy": true, "qty": 689}], "symbol": "FDH", "venue": "IDRVEX", "ts": "2016-04-23T09:11:15.95140224Z"}, {"ok": true, "asks": [{"price": 7003, "isBuy": false, "qty": 6237}, {"price": 7037, "isBuy": false, "qty": 6237}, {"price": 7037, "isBuy": false, "qty": 664}, {"price": 7071, "isBuy": false, "qty": 6237}, {"price": 7102, "isBuy": false, "qty": 534}], "bids": [{"price": 6935, "isBuy": true, "qty": 3562}, {"price": 6901, "isBuy": true, "qty": 3562}, {"price": 6867, "isBuy": true, "qty": 3562}, {"price": 6836, "isBuy": true, "qty": 672}, {"price": 6658, "isBuy": true, "qty": 689}], "symbol": "FDH", "venue": "IDRVEX", "ts": "2016-04-23T09:11:16.117107478Z"}, {"ok": true, "asks": [{"price": 7037, "isBuy": false, "qty": 664}, {"price": 7102, "isBuy": false, "qty": 534}], "bids": [{"price": 6836, "isBuy": true, "qty": 672}, {"price": 6775, "isBuy": true, "qty": 3826}, {"price": 6741, "isBuy": true, "qty": 3826}, {"price": 6707, "isBuy": true, "qty": 3826}, {"price": 6658, "isBuy": true, "qty": 689}], "symbol": "FDH", "venue": "IDRVEX", "ts": "2016-04-23T09:11:17.526735832Z"}, {"ok": true, "asks": [{"price": 7037, "isBuy": false, "qty": 664}, {"price": 7102, "isBuy": false, "qty": 534}], "bids": [{"price": 6836, "isBuy": true, "qty": 672}, {"price": 6775, "isBuy": true, "qty": 3826}, {"price": 6741, "isBuy": true, "qty": 3826}, {"price": 6707, "isBuy": true, "qty": 3826}, {"price": 6658, "isBuy": true, "qty": 689}], "symbol": "FDH", "venue": "IDRVEX", "ts": "2016-04-23T09:11:17.687877745Z"}, {"ok": true, "asks": [{"price": 7037, "isBuy": false, "qty": 664}, {"price": 7102, "isBuy": false, "qty": 534}], "bids": [{"price": 6836, "isBuy": true, "qty": 672}, {"price": 6775, "isBuy": true, "qty": 3826}, {"price": 6741, "isBuy": true, "qty": 3826}, {"price": 6707, "isBuy": true, "qty": 3826}, {"price": 6658, "isBuy": true, "qty": 689}], "symbol": "FDH", "venue": "IDRVEX", "ts": "2016-04-23T09:11:17.853389283Z"}, {"ok": true, "asks": [{"price": 7037, "isBuy": false, "qty": 664}, {"price": 7102, "isBuy": false, "qty": 534}], "bids": [{"price": 6901, "isBuy": true, "qty": 668}, {"price": 6775, "isBuy": true, "qty": 3826}, {"price": 6741, "isBuy": true, "qty": 3826}, {"price": 6707, "isBuy": true, "qty": 3826}, {"price": 6658, "isBuy": true, "qty": 689}], "symbol": "FDH", "venue": "IDRVEX", "ts": "2016-04-23T09:11:18.20722098Z"}, {"ok": true, "asks": [{"price": 7037, "isBuy": false, "qty": 330}, {"price": 7102, "isBuy": false, "qty": 534}], "bids": [{"price": 6901, "isBuy": true, "qty": 668}, {"price": 6775, "isBuy": true, "qty": 3826}, {"price": 6741, "isBuy": true, "qty": 3826}, {"price": 6707, "isBuy": true, "qty": 3826}, {"price": 6658, "isBuy": true, "qty": 689}], "symbol": "FDH", "venue": "IDRVEX", "ts": "2016-04-23T09:11:18.819422793Z"}, {"ok": true, "asks": [{"price": 7037, "isBuy": false, "qty": 330}, {"price": 7102, "isBuy": false, "qty": 534}], "bids": [{"price": 6901, "isBuy": true, "qty": 668}, {"price": 6775, "isBuy": true, "qty": 3826}, {"price": 6741, "isBuy": true, "qty": 3826}, {"price": 6707, "isBuy": true, "qty": 3826}, {"price": 6658, "isBuy": true, "qty": 689}], "symbol": "FDH", "venue": "IDRVEX", "ts": "2016-04-23T09:11:19.604210899Z"}, {"ok": true, "asks": [{"price": 7037, "isBuy": false, "qty": 330}, {"price": 7102, "isBuy": false, "qty": 534}], "bids": [{"price": 6901, "isBuy": true, "qty": 668}, {"price": 6775, "isBuy": true, "qty": 3826}, {"price": 6741, "isBuy": true, "qty": 3826}, {"price": 6707, "isBuy": true, "qty": 3826}, {"price": 6658, "isBuy": true, "qty": 689}], "symbol": "FDH", "venue": "IDRVEX", "ts": "2016-04-23T09:11:19.763604033Z"}, {"ok": true, "asks": [{"price": 7037, "isBuy": false, "qty": 330}, {"price": 7102, "isBuy": false, "qty": 534}], "bids": [{"price": 6901, "isBuy": true, "qty": 668}, {"price": 6775, "isBuy": true, "qty": 3826}, {"price": 6741, "isBuy": true, "qty": 3826}, {"price": 6707, "isBuy": true, "qty": 3826}, {"price": 6658, "isBuy": true, "qty": 689}], "symbol": "FDH", "venue": "IDRVEX", "ts": "2016-04-23T09:11:19.920748869Z"}, {"ok": true, "asks": [{"price": 7037, "isBuy": false, "qty": 330}, {"price": 7102, "isBuy": false, "qty": 534}], "bids": [{"price": 6901, "isBuy": true, "qty": 668}, {"price": 6775, "isBuy": true, "qty": 3826}, {"price": 6741, "isBuy": true, "qty": 3826}, {"price": 6707, "isBuy": true, "qty": 3826}, {"price": 6658, "isBuy": true, "qty": 689}], "symbol": "FDH", "venue": "IDRVEX", "ts": "2016-04-23T09:11:20.078851355Z"}, {"ok": true, "asks": [{"price": 7037, "isBuy": false, "qty": 330}, {"price": 7102, "isBuy": false, "qty": 534}], "bids": [{"price": 6775, "isBuy": true, "qty": 3826}, {"price": 6775, "isBuy": true, "qty": 837}, {"price": 6741, "isBuy": true, "qty": 3826}, {"price": 6707, "isBuy": true, "qty": 3826}, {"price": 6658, "isBuy": true, "qty": 689}], "symbol": "FDH", "venue": "IDRVEX", "ts": "2016-04-23T09:11:21.642338734Z"}, {"ok": true, "asks": null, "bids": [{"price": 7067, "isBuy": true, "qty": 2923}, {"price": 7032, "isBuy": true, "qty": 3874}, {"price": 6997, "isBuy": true, "qty": 3874}, {"price": 6775, "isBuy": true, "qty": 837}, {"price": 6658, "isBuy": true, "qty": 689}], "symbol": "FDH", "venue": "IDRVEX", "ts": "2016-04-23T09:11:21.812875065Z"}, {"ok": true, "asks": [{"price": 7397, "isBuy": false, "qty": 6352}, {"price": 7433, "isBuy": false, "qty": 6352}, {"price": 7469, "isBuy": false, "qty": 6352}], "bids": [{"price": 6775, "isBuy": true, "qty": 837}, {"price": 6658, "isBuy": true, "qty": 689}], "symbol": "FDH", "venue": "IDRVEX", "ts": "2016-04-23T09:11:21.980317655Z"}, {"ok": true, "asks": [{"price": 7397, "isBuy": false, "qty": 6352}, {"price": 7433, "isBuy": false, "qty": 6352}, {"price": 7469, "isBuy": false, "qty": 6352}], "bids": [{"price": 6775, "isBuy": true, "qty": 837}, {"price": 6658, "isBuy": true, "qty": 689}], "symbol": "FDH", "venue": "IDRVEX", "ts": "2016-04-23T09:11:22.347609411Z"}, {"ok": true, "asks": [{"price": 7397, "isBuy": false, "qty": 6352}, {"price": 7433, "isBuy": false, "qty": 6352}, {"price": 7469, "isBuy": false, "qty": 6352}], "bids": [{"price": 6775, "isBuy": true, "qty": 837}, {"price": 6658, "isBuy": true, "qty": 689}], "symbol": "FDH", "venue": "IDRVEX", "ts": "2016-04-23T09:11:23.379467718Z"}, {"ok": true, "asks": [{"price": 7397, "isBuy": false, "qty": 6352}, {"price": 7433, "isBuy": false, "qty": 6352}, {"price": 7469, "isBuy": false, "qty": 6352}], "bids": [{"price": 6775, "isBuy": true, "qty": 837}, {"price": 6658, "isBuy": true, "qty": 689}], "symbol": "FDH", "venue": "IDRVEX", "ts": "2016-04-23T09:11:23.549320526Z"}, {"ok": true, "asks": [{"price": 7397, "isBuy": false, "qty": 6352}, {"price": 7433, "isBuy": false, "qty": 6352}, {"price": 7469, "isBuy": false, "qty": 6352}], "bids": [{"price": 6658, "isBuy": true, "qty": 689}, {"price": 6658, "isBuy": true, "qty": 837}], "symbol": "FDH", "venue": "IDRVEX", "ts": "2016-04-23T09:11:25.112660046Z"}, {"ok": true, "asks": [{"price": 7397, "isBuy": false, "qty": 6352}, {"price": 7433, "isBuy": false, "qty": 6352}, {"price": 7469, "isBuy": false, "qty": 6352}], "bids": [{"price": 6658, "isBuy": true, "qty": 689}, {"price": 6658, "isBuy": true, "qty": 837}], "symbol": "FDH", "venue": "IDRVEX", "ts": "2016-04-23T09:11:26.550938523Z"}, {"ok": true, "asks": [{"price": 7397, "isBuy": false, "qty": 6352}, {"price": 7433, "isBuy": false, "qty": 6352}, {"price": 7469, "isBuy": false, "qty": 6352}], "bids": [{"price": 6658, "isBuy": true, "qty": 689}, {"price": 6658, "isBuy": true, "qty": 837}], "symbol": "FDH", "venue": "IDRVEX", "ts": "2016-04-23T09:11:26.719933891Z"}]