[{"ok": true, "asks": [{"price": 6777, "isBuy": false, "qty": 222}, {"price": 6810, "isBuy": false, "qty": 244}, {"price": 6843, "isBuy": false, "qty": 244}], "bids": [{"price": 6711, "isBuy": true, "qty": 250}, {"price": 6678, "isBuy": true, "qty": 250}, {"price": 6645, "isBuy": true, "qty": 250}], "symbol": "KSCM", "venue": "EDBEX", "ts": "2016-04-14T23:13:45.076564783Z"}, {"ok": true, "asks": [{"price": 6777, "isBuy": false, "qty": 211}, {"price": 6810, "isBuy": false, "qty": 244}, {"price": 6843, "isBuy": false, "qty": 244}, {"price": 6980, "isBuy": false, "qty": 250}], "bids": [{"price": 6711, "isBuy": true, "qty": 250}, {"price": 6678, "isBuy": true, "qty": 250}, {"price": 6678, "isBuy": true, "qty": 244}, {"price": 6645, "isBuy": true, "qty": 250}], "symbol": "KSCM", "venue": "EDBEX", "ts": "2016-04-14T23:13:45.709418871Z"}, {"ok": true, "asks": [{"price": 6777, "isBuy": false, "qty": 211}, {"price": 6810, "isBuy": false, "qty": 244}, {"price": 6843, "isBuy": false, "qty": 244}, {"price": 6980, "isBuy": false, "qty": 250}], "bids": [{"price": 6711, "isBuy": true, "qty": 250}, {"price": 6678, "isBuy": true, "qty": 250}, {"price": 6678, "isBuy": true, "qty": 244}, {"price": 6645, "isBuy": true, "qty": 250}], "symbol": "KSCM", "venue": "EDBEX", "ts": "2016-04-14T23:13:45.807831266Z"}, {"ok": true, "asks": [{"price": 6777, "isBuy": false, "qty": 211}, {"price": 6810, "isBuy": false, "qty": 244}, {"price": 6843, "isBuy": false, "qty": 244}, {"price": 6980, "isBuy": false, "qty": 250}], "bids": [{"price": 6711, "isBuy": true, "qty": 250}, {"price": 6678, "isBuy": true, "qty": 250}, {"price": 6678, "isBuy": true, "qty": 244}, {"price": 6645, "isBuy": true, "qty": 250}], "symbol": "KSCM", "venue": "EDBEX", "ts": "2016-04-14T23:13:48.037571959Z"}, {"ok": true, "asks": [{"price": 6777, "isBuy": false, "qty": 211}, {"price": 6810, "isBuy": false, "qty": 244}, {"price": 6843, "isBuy": false, "qty": 244}, {"price": 6980, "isBuy": false, "qty": 250}, {"price": 6980, "isBuy": false, "qty": 250}], "bids": [{"price": 6711, "isBuy": true, "qty": 250}, {"price": 6678, "isBuy": true, "qty": 250}, {"price": 6678, "isBuy": true, "qty": 244}, {"price": 6678, "isBuy": true, "qty": 244}, {"price": 6645, "isBuy": true, "qty": 250}], "symbol": "KSCM", "venue": "EDBEX", "ts": "2016-04-14T23:13:48.657721879Z"}, {"ok": true, "asks": [{"price": 6777, "isBuy": false, "qty": 211}, {"price": 6810, "isBuy": false, "qty": 244}, {"price": 6843, "isBuy": false, "qty": 244}, {"price": 6980, "isBuy": false, "qty": 250}, {"price": 6980, "isBuy": false, "qty": 250}], "bids": [{"price": 6711, "isBuy": true, "qty": 250}, {"price": 6678, "isBuy": true, "qty": 250}, {"price": 6678, "isBuy": true, "qty": 244}, {"price": 6678, "isBuy": true, "qty": 244}, {"price": 6645, "isBuy": true, "qty": 250}], "symbol": "KSCM", "venue": "EDBEX", "ts": "2016-04-14T23:13:48.76755805Z"}, {"ok": true, "asks": [{"price": 6777, "isBuy": false, "qty": 211}, {"price": 6810, "isBuy": false, "qty": 244}, {"price": 6843, "isBuy": false, "qty": 244}, {"price": 6980, "isBuy": false, "qty": 250}, {"price": 6980, "isBuy": false, "qty": 250}], "bids": [{"price": 6711, "isBuy": true, "qty": 250}, {"price": 6678, "isBuy": true, "qty": 250}, {"price": 6678, "isBuy": true, "qty": 244}, {"price": 6678, "isBuy": true, "qty": 244}, {"price": 6645, "isBuy": true, "qty": 250}], "symbol": "KSCM", "venue": "EDBEX", "ts": "2016-04-14T23:13:48.871727931Z"}, {"ok": true, "asks": [{"price": 6777, "isBuy": false, "qty": 211}, {"price": 6810, "isBuy": false, "qty": 244}, {"price": 6843, "isBuy": false, "qty": 244}, {"price": 6980, "isBuy": false, "qty": 250}, {"price": 6980, "isBuy": false, "qty": 250}], "bids": [{"price": 6711, "isBuy": true, "qty": 250}, {"price": 6678, "isBuy": true, "qty": 250}, {"price": 6678, "isBuy": true, "qty": 244}, {"price": 6678, "isBuy": true, "qty": 244}, {"price": 6645, "isBuy": true, "qty": 250}], "symbol": "KSCM", "venue": "EDBEX", "ts": "2016-04-14T23:13:48.959279851Z"}, {"ok": true, "asks": [{"price": 6711, "isBuy": false, "qty": 215}, {"price": 6744, "isBuy": false, "qty": 215}, {"price": 6777, "isBuy": false, "qty": 215}, {"price": 6980, "isBuy": false, "qty": 250}, {"price": 6980, "isBuy": false, "qty": 250}], "bids": [{"price": 6678, "isBuy": true, "qty": 244}, {"price": 6678, "isBuy": true, "qty": 244}, {"price": 6505, "isBuy": true, "qty": 261}, {"price": 6473, "isBuy": true, "qty": 261}, {"price": 6441, "isBuy": true, "qty": 261}], "symbol": "KSCM", "venue": "EDBEX", "ts": "2016-04-14T23:13:51.191003007Z"}, {"ok": true, "asks": [{"price": 6711, "isBuy": false, "qty": 215}, {"price": 6744, "isBuy": false, "qty": 215}, {"price": 6777, "isBuy": false, "qty": 215}, {"price": 6980, "isBuy": false, "qty": 250}, {"price": 6980, "isBuy": false, "qty": 250}], "bids": [{"price": 6678, "isBuy": true, "qty": 244}, {"price": 6678, "isBuy": true, "qty": 244}, {"price": 6678, "isBuy": true, "qty": 215}, {"price": 6505, "isBuy": true, "qty": 261}, {"price": 6473, "isBuy": true, "qty": 261}, {"price": 6441, "isBuy": true, "qty": 261}], "symbol": "KSCM", "venue": "EDBEX", "ts": "2016-04-14T23:13:52.059234067Z"}, {"ok": true, "asks": [{"price": 6711, "isBuy": false, "qty": 215}, {"price": 6744, "isBuy": false, "qty": 215}, {"price": 6777, "isBuy": false, "qty": 215}, {"price": 6980, "isBuy": false, "qty": 250}, {"price": 6980, "isBuy": false, "qty": 250}], "bids": [{"price": 6678, "isBuy": true, "qty": 244}, {"price": 6678, "isBuy": true, "qty": 244}, {"price": 6678, "isBuy": true, "qty": 215}, {"price": 6505, "isBuy": true, "qty": 261}, {"price": 6473, "isBuy": true, "qty": 261}, {"price": 6441, "isBuy": true, "qty": 261}], "symbol": "KSCM", "venue": "EDBEX", "ts": "2016-04-14T23:13:52.156332891Z"}, {"ok": true, "asks": [{"price": 6711, "isBuy": false, "qty": 215}, {"price": 6744, "isBuy": false, "qty": 215}, {"price": 6777, "isBuy": false, "qty": 215}, {"price": 6980, "isBuy": false, "qty": 250}, {"price": 6980, "isBuy": false, "qty": 250}], "bids": [{"price": 6678, "isBuy": true, "qty": 244}, {"price": 6678, "isBuy": true, "qty": 244}, {"price": 6678, "isBuy": true, "qty": 215}, {"price": 6505, "isBuy": true, "qty": 261}, {"price": 6473, "isBuy": true, "qty": 261}, {"price": 6441, "isBuy": true, "qty": 261}], "symbol": "KSCM", "venue": "EDBEX", "ts": "2016-04-14T23:13:52.251139862Z"}, {"ok": true, "asks": [{"price": 6711, "isBuy": false, "qty": 215}, {"price": 6744, "isBuy": false, "qty": 215}, {"price": 6777, "isBuy": false, "qty": 215}, {"price": 6980, "isBuy": false, "qty": 250}, {"price": 6980, "isBuy": false, "qty": 250}], "bids": [{"price": 6678, "isBuy": true, "qty": 244}, {"price": 6678, "isBuy": true, "qty": 244}, {"price": 6678, "isBuy": true, "qty": 215}, {"price": 6505, "isBuy": true, "qty": 261}, {"price": 6473, "isBuy": true, "qty": 261}, {"price": 6441, "isBuy": true, "qty": 261}], "symbol": "KSCM", "venue": "EDBEX", "ts": "2016-04-14T23:13:52.364541058Z"}, {"ok": true, "asks": [{"price": 6711, "isBuy": false, "qty": 215}, {"price": 6744, "isBuy": false, "qty": 215}, {"price": 6777, "isBuy": false, "qty": 215}, {"price": 6980, "isBuy": false, "qty": 250}, {"price": 6980, "isBuy": false, "qty": 250}], "bids": [{"price": 6678, "isBuy": true, "qty": 244}, {"price": 6678, "isBuy": true, "qty": 244}, {"price": 6678, "isBuy": true, "qty": 215}, {"price": 6505, "isBuy": true, "qty": 261}, {"price": 6473, "isBuy": true, "qty": 261}, {"price": 6441, "isBuy": true, "qty": 261}], "symbol": "KSCM", "venue": "EDBEX", "ts": "2016-04-14T23:13:52.477030136Z"}, {"ok": true, "asks": [{"price": 6711, "isBuy": false, "qty": 215}, {"price": 6744, "isBuy": false, "qty": 215}, {"price": 6777, "isBuy": false, "qty": 215}, {"price": 6980, "isBuy": false, "qty": 250}, {"price": 6980, "isBuy": false, "qty": 250}], "bids": [{"price": 6678, "isBuy": true, "qty": 244}, {"price": 6678, "isBuy": true, "qty": 244}, {"price": 6678, "isBuy": true, "qty": 215}, {"price": 6505, "isBuy": true, "qty": 261}, {"price": 6473, "isBuy": true, "qty": 261}, {"price": 6441, "isBuy": true, "qty": 261}], "symbol": "KSCM", "venue": "EDBEX", "ts": "2016-04-14T23:13:54.687829327Z"}, {"ok": true, "asks": [{"price": 6711, "isBuy": false, "qty": 156}, {"price": 6744, "isBuy": false, "qty": 156}, {"price": 6980, "isBuy": false, "qty": 250}, {"price": 6980, "isBuy": false, "qty": 250}], "bids": [{"price": 6678, "isBuy": true, "qty": 200}, {"price": 6678, "isBuy": true, "qty": 244}, {"price": 6678, "isBuy": true, "qty": 215}, {"price": 6678, "isBuy": true, "qty": 215}, {"price": 6428, "isBuy": true, "qty": 343}, {"price": 6396, "isBuy": true, "qty": 343}, {"price": 6364, "isBuy": true, "qty": 343}], "symbol": "KSCM", "venue": "EDBEX", "ts": "2016-04-14T23:13:55.299919023Z"}, {"ok": true, "asks": [{"price": 6711, "isBuy": false, "qty": 156}, {"price": 6744, "isBuy": false, "qty": 156}, {"price": 6980, "isBuy": false, "qty": 250}, {"price": 6980, "isBuy": false, "qty": 250}], "bids": [{"price": 6678, "isBuy": true, "qty": 200}, {"price": 6678, "isBuy": true, "qty": 244}, {"price": 6678, "isBuy": true, "qty": 215}, {"price": 6678, "isBuy": true, "qty": 215}, {"price": 6428, "isBuy": true, "qty": 343}, {"price": 6396, "isBuy": true, "qty": 343}, {"price": 6364, "isBuy": true, "qty": 343}], "symbol": "KSCM", "venue": "EDBEX", "ts": "2016-04-14T23:13:55.403305824Z"}, {"ok": true, "asks": [{"price": 6711, "isBuy": false, "qty": 156}, {"price": 6744, "isBuy": false, "qty": 156}, {"price": 6980, "isBuy": false, "qty": 250}, {"price": 6980, "isBuy": false, "qty": 250}], "bids": [{"price": 6678, "isBuy": true, "qty": 200}, {"price": 6678, "isBuy": true, "qty": 244}, {"price": 6678, "isBuy": true, "qty": 215}, {"price": 6678, "isBuy": true, "qty": 215}, {"price": 6428, "isBuy": true, "qty": 343}, {"price": 6396, "isBuy": true, "qty": 343}, {"price": 6364, "isBuy": true, "qty": 343}], "symbol": "KSCM", "venue": "EDBEX", "ts": "2016-04-14T23:13:55.497552548Z"}, {"ok": true, "asks": [{"price": 6711, "isBuy": false, "qty": 156}, {"price": 6744, "isBuy": false, "qty": 156}, {"price": 6980, "isBuy": false, "qty": 250}, {"price": 6980, "isBuy": false, "qty": 250}], "bids": [{"price": 6678, "isBuy": true, "qty": 200}, {"price": 6678, "isBuy": true, "qty": 244}, {"price": 6678, "isBuy": true, "qty": 215}, {"price": 6678, "isBuy": true, "qty": 215}, {"price": 6428, "isBuy": true, "qty": 343}, {"price": 6396, "isBuy": true, "qty": 343}, {"price": 6364, "isBuy": true, "qty": 343}], "symbol": "KSCM", "venue": "EDBEX", "ts": "2016-04-14T23:13:55.618678607Z"}, {"ok": true, "asks": [{"price": 6711, "isBuy": false, "qty": 156}, {"price": 6744, "isBuy": false, "qty": 156}, {"price": 6980, "isBuy": false, "qty": 250}, {"price": 6980, "isBuy": false, "qty": 250}], "bids": [{"price": 6678, "isBuy": true, "qty": 200}, {"price": 6678, "isBuy": true, "qty": 244}, {"price": 6678, "isBuy": true, "qty": 215}, {"price": 6678, "isBuy": true, "qty": 215}, {"price": 6428, "isBuy": true, "qty": 343}, {"price": 6396, "isBuy": true, "qty": 343}, {"price": 6364, "isBuy": true, "qty": 343}], "symbol": "KSCM", "venue": "EDBEX", "ts": "2016-04-14T23:13:55.715291117Z"}, {"ok": true, "asks": [{"price": 6711, "isBuy": false, "qty": 156}, {"price": 6744, "isBuy": false, "qty": 156}, {"price": 6980, "isBuy": false, "qty": 250}, {"price": 6980, "isBuy": false, "qty": 250}], "bids": [{"price": 6678, "isBuy": true, "qty": 200}, {"price": 6678, "isBuy": true, "qty": 244}, {"price": 6678, "isBuy": true, "qty": 215}, {"price": 6678, "isBuy": true, "qty": 215}, {"price": 6428, "isBuy": true, "qty": 343}, {"price": 6396, "isBuy": true, "qty": 343}, {"price": 6364, "isBuy": true, "qty": 343}], "symbol": "KSCM", "venue": "EDBEX", "ts": "2016-04-14T23:13:55.811371679Z"}, {"ok": true, "asks": [{"price": 6711, "isBuy": false, "qty": 156}, {"price": 6744, "isBuy": false, "qty": 156}, {"price": 6980, "isBuy": false, "qty": 250}, {"price": 6980, "isBuy": false, "qty": 250}], "bids": [{"price": 6678, "isBuy": true, "qty": 200}, {"price": 6678, "isBuy": true, "qty": 244}, {"price": 6678, "isBuy": true, "qty": 215}, {"price": 6678, "isBuy": true, "qty": 215}, {"price": 6428, "isBuy": true, "qty": 343}, {"price": 6396, "isBuy": true, "qty": 343}, {"price": 6364, "isBuy": true, "qty": 343}], "symbol": "KSCM", "venue": "EDBEX", "ts": "2016-04-14T23:13:58.017739799Z"}, {"ok": true, "asks": [{"price": 6711, "isBuy": false, "qty": 156}, {"price": 6744, "isBuy": false, "qty": 156}, {"price": 6980, "isBuy": false, "qty": 250}, {"price": 6980, "isBuy": false, "qty": 250}], "bids": [{"price": 6678, "isBuy": true, "qty": 200}, {"price": 6678, "isBuy": true, "qty": 244}, {"price": 6678, "isBuy": true, "qty": 215}, {"price": 6678, "isBuy": true, "qty": 215}, {"price": 6678, "isBuy": true, "qty": 156}, {"price": 6428, "isBuy": true, "qty": 343}, {"price": 6396, "isBuy": true, "qty": 343}, {"price": 6364, "isBuy": true, "qty": 343}], "symbol": "KSCM", "venue": "EDBEX", "ts": "2016-04-14T23:13:58.520865919Z"}, {"ok": true, "asks": [{"price": 6711, "isBuy": false, "qty": 156}, {"price": 6744, "isBuy": false, "qty": 156}, {"price": 6980, "isBuy": false, "qty": 250}, {"price": 6980, "isBuy": false, "qty": 250}], "bids": [{"price": 6678, "isBuy": true, "qty": 200}, {"price": 6678, "isBuy": true, "qty": 244}, {"price": 6678, "isBuy": true, "qty": 215}, {"price": 6678, "isBuy": true, "qty": 215}, {"price": 6678, "isBuy": true, "qty": 156}, {"price": 6428, "isBuy": true, "qty": 343}, {"price": 6396, "isBuy": true, "qty": 343}, {"price": 6364, "isBuy": true, "qty": 343}], "symbol": "KSCM", "venue": "EDBEX", "ts": "2016-04-14T23:13:58.61495146Z"}, {"ok": true, "asks": [{"price": 6711, "isBuy": false, "qty": 156}, {"price": 6744, "isBuy": false, "qty": 156}, {"price": 6980, "isBuy": false, "qty": 250}, {"price": 6980, "isBuy": false, "qty": 250}], "bids": [{"price": 6678, "isBuy": true, "qty": 200}, {"price": 6678, "isBuy": true, "qty": 244}, {"price": 6678, "isBuy": true, "qty": 215}, {"price": 6678, "isBuy": true, "qty": 215}, {"price": 6678, "isBuy": true, "qty": 156}, {"price": 6428, "isBuy": true, "qty": 343}, {"price": 6396, "isBuy": true, "qty": 343}, {"price": 6364, "isBuy": true, "qty": 343}], "symbol": "KSCM", "venue": "EDBEX", "ts": "2016-04-14T23:13:58.757951758Z"}, {"ok": true, "asks": [{"price": 6711, "isBuy": false, "qty": 156}, {"price": 6744, "isBuy": false, "qty": 156}, {"price": 6980, "isBuy": false, "qty": 250}, {"price": 6980, "isBuy": false, "qty": 250}], "bids": [{"price": 6678, "isBuy": true, "qty": 200}, {"price": 6678, "isBuy": true, "qty": 244}, {"price": 6678, "isBuy": true, "qty": 215}, {"price": 6678, "isBuy": true, "qty": 215}, {"price": 6678, "isBuy": true, "qty": 156}, {"price": 6428, "isBuy": true, "qty": 343}, {"price": 6396, "isBuy": true, "qty": 343}, {"price": 6364, "isBuy": true, "qty": 343}], "symbol": "KSCM", "venue": "EDBEX", "ts": "2016-04-14T23:13:58.908929599Z"}, {"ok": true, "asks": [{"price": 6711, "isBuy": false, "qty": 156}, {"price": 6744, "isBuy": false, "qty": 156}, {"price": 6980, "isBuy": false, "qty": 250}, {"price": 6980, "isBuy": false, "qty": 250}], "bids": [{"price": 6678, "isBuy": true, "qty": 200}, {"price": 6678, "isBuy": true, "qty": 244}, {"price": 6678, "isBuy": true, "qty": 215}, {"price": 6678, "isBuy": true, "qty": 215}, {"price": 6678, "isBuy": true, "qty": 156}, {"price": 6428, "isBuy": true, "qty": 343}, {"price": 6396, "isBuy": true, "qty": 343}, {"price": 6364, "isBuy": true, "qty": 343}], "symbol": "KSCM", "venue": "EDBEX", "ts": "2016-04-14T23:13:59.047252916Z"}, {"ok": true, "asks": [{"price": 6711, "isBuy": false, "qty": 156}, {"price": 6744, "isBuy": false, "qty": 156}, {"price": 6980, "isBuy": false, "qty": 250}, {"price": 6980, "isBuy": false, "qty": 250}], "bids": [{"price": 6678, "isBuy": true, "qty": 200}, {"price": 6678, "isBuy": true, "qty": 244}, {"price": 6678, "isBuy": true, "qty": 215}, {"price": 6678, "isBuy": true, "qty": 215}, {"price": 6678, "isBuy": true, "qty": 156}, {"price": 6428, "isBuy": true, "qty": 343}, {"price": 6396, "isBuy": true, "qty": 343}, {"price": 6364, "isBuy": true, "qty": 343}], "symbol": "KSCM", "venue": "EDBEX", "ts": "2016-04-14T23:13:59.14538161Z"}, {"ok": true, "asks": [{"price": 6711, "isBuy": false, "qty": 156}, {"price": 6744, "isBuy": false, "qty": 156}, {"price": 6980, "isBuy": false, "qty": 250}, {"price": 6980, "isBuy": false, "qty": 250}], "bids": [{"price": 6678, "isBuy": true, "qty": 200}, {"price": 6678, "isBuy": true, "qty": 244}, {"price": 6678, "isBuy": true, "qty": 215}, {"price": 6678, "isBuy": true, "qty": 215}, {"price": 6678, "isBuy": true, "qty": 156}, {"price": 6428, "isBuy": true, "qty": 343}, {"price": 6396, "isBuy": true, "qty": 343}, {"price": 6364, "isBuy": true, "qty": 343}], "symbol": "KSCM", "venue": "EDBEX", "ts": "2016-04-14T23:13:59.240207251Z"}, {"ok": true, "asks": [{"price": 6777, "isBuy": false, "qty": 156}, {"price": 6980, "isBuy": false, "qty": 250}, {"price": 6980, "isBuy": false, "qty": 250}], "bids": [{"price": 6678, "isBuy": true, "qty": 108}, {"price": 6678, "isBuy": true, "qty": 244}, {"price": 6678, "isBuy": true, "qty": 215}, {"price": 6678, "isBuy": true, "qty": 215}, {"price": 6678, "isBuy": true, "qty": 156}, {"price": 6158, "isBuy": true, "qty": 343}, {"price": 6128, "isBuy": true, "qty": 343}, {"price": 6098, "isBuy": true, "qty": 343}], "symbol": "KSCM", "venue": "EDBEX", "ts": "2016-04-14T23:14:01.470280289Z"}, {"ok": true, "asks": [{"price": 6777, "isBuy": false, "qty": 156}, {"price": 6980, "isBuy": false, "qty": 250}, {"price": 6980, "isBuy": false, "qty": 250}, {"price": 7154, "isBuy": false, "qty": 244}], "bids": [{"price": 6678, "isBuy": true, "qty": 108}, {"price": 6678, "isBuy": true, "qty": 244}, {"price": 6678, "isBuy": true, "qty": 215}, {"price": 6678, "isBuy": true, "qty": 215}, {"price": 6678, "isBuy": true, "qty": 156}, {"price": 6678, "isBuy": true, "qty": 250}, {"price": 6158, "isBuy": true, "qty": 343}, {"price": 6128, "isBuy": true, "qty": 343}, {"price": 6098, "isBuy": true, "qty": 343}], "symbol": "KSCM", "venue": "EDBEX", "ts": "2016-04-14T23:14:02.441728459Z"}, {"ok": true, "asks": [{"price": 6777, "isBuy": false, "qty": 156}, {"price": 6980, "isBuy": false, "qty": 250}, {"price": 6980, "isBuy": false, "qty": 250}, {"price": 7154, "isBuy": false, "qty": 244}], "bids": [{"price": 6678, "isBuy": true, "qty": 108}, {"price": 6678, "isBuy": true, "qty": 244}, {"price": 6678, "isBuy": true, "qty": 215}, {"price": 6678, "isBuy": true, "qty": 215}, {"price": 6678, "isBuy": true, "qty": 156}, {"price": 6678, "isBuy": true, "qty": 250}, {"price": 6158, "isBuy": true, "qty": 343}, {"price": 6128, "isBuy": true, "qty": 343}, {"price": 6098, "isBuy": true, "qty": 343}], "symbol": "KSCM", "venue": "EDBEX", "ts": "2016-04-14T23:14:02.612681938Z"}, {"ok": true, "asks": [{"price": 6777, "isBuy": false, "qty": 156}, {"price": 6980, "isBuy": false, "qty": 250}, {"price": 6980, "isBuy": false, "qty": 250}, {"price": 7154, "isBuy": false, "qty": 244}], "bids": [{"price": 6678, "isBuy": true, "qty": 108}, {"price": 6678, "isBuy": true, "qty": 244}, {"price": 6678, "isBuy": true, "qty": 215}, {"price": 6678, "isBuy": true, "qty": 215}, {"price": 6678, "isBuy": true, "qty": 156}, {"price": 6678, "isBuy": true, "qty": 250}, {"price": 6158, "isBuy": true, "qty": 343}, {"price": 6128, "isBuy": true, "qty": 343}, {"price": 6098, "isBuy": true, "qty": 343}], "symbol": "KSCM", "venue": "EDBEX", "ts": "2016-04-14T23:14:02.724397503Z"}, {"ok": true, "asks": [{"price": 6777, "isBuy": false, "qty": 156}, {"price": 6980, "isBuy": false, "qty": 250}, {"price": 6980, "isBuy": false, "qty": 250}, {"price": 7154, "isBuy": false, "qty": 244}], "bids": [{"price": 6678, "isBuy": true, "qty": 108}, {"price": 6678, "isBuy": true, "qty": 244}, {"price": 6678, "isBuy": true, "qty": 215}, {"price": 6678, "isBuy": true, "qty": 215}, {"price": 6678, "isBuy": true, "qty": 156}, {"price": 6678, "isBuy": true, "qty": 250}, {"price": 6158, "isBuy": true, "qty": 343}, {"price": 6128, "isBuy": true, "qty": 343}, {"price": 6098, "isBuy": true, "qty": 343}], "symbol": "KSCM", "venue": "EDBEX", "ts": "2016-04-14T23:14:02.89350533Z"}, {"ok": true, "asks": [{"price": 6777, "isBuy": false, "qty": 156}, {"price": 6980, "isBuy": false, "qty": 250}, {"price": 6980, "isBuy": false, "qty": 250}, {"price": 7154, "isBuy": false, "qty": 244}], "bids": [{"price": 6678, "isBuy": true, "qty": 108}, {"price": 6678, "isBuy": true, "qty": 244}, {"price": 6678, "isBuy": true, "qty": 215}, {"price": 6678, "isBuy": true, "qty": 215}, {"price": 6678, "isBuy": true, "qty": 156}, {"price": 6678, "isBuy": true, "qty": 250}, {"price": 6158, "isBuy": true, "qty": 343}, {"price": 6128, "isBuy": true, "qty": 343}, {"price": 6098, "isBuy": true, "qty": 343}], "symbol": "KSCM", "venue": "EDBEX", "ts": "2016-04-14T23:14:03.047173704Z"}, {"ok": true, "asks": [{"price": 6777, "isBuy": false, "qty": 156}, {"price": 6980, "isBuy": false, "qty": 250}, {"price": 6980, "isBuy": false, "qty": 250}, {"price": 7154, "isBuy": false, "qty": 244}], "bids": [{"price": 6678, "isBuy": true, "qty": 108}, {"price": 6678, "isBuy": true, "qty": 244}, {"price": 6678, "isBuy": true, "qty": 215}, {"price": 6678, "isBuy": true, "qty": 215}, {"price": 6678, "isBuy": true, "qty": 156}, {"price": 6678, "isBuy": true, "qty": 250}, {"price": 6158, "isBuy": true, "qty": 343}, {"price": 6128, "isBuy": true, "qty": 343}, {"price": 6098, "isBuy": true, "qty": 343}], "symbol": "KSCM", "venue": "EDBEX", "ts": "2016-04-14T23:14:03.145593854Z"}, {"ok": true, "asks": [{"price": 6777, "isBuy": false, "qty": 156}, {"price": 6980, "isBuy": false, "qty": 250}, {"price": 6980, "isBuy": false, "qty": 250}, {"price": 7154, "isBuy": false, "qty": 244}], "bids": [{"price": 6678, "isBuy": true, "qty": 108}, {"price": 6678, "isBuy": true, "qty": 244}, {"price": 6678, "isBuy": true, "qty": 215}, {"price": 6678, "isBuy": true, "qty": 215}, {"price": 6678, "isBuy": true, "qty": 156}, {"price": 6678, "isBuy": true, "qty": 250}, {"price": 6158, "isBuy": true, "qty": 343}, {"price": 6128, "isBuy": true, "qty": 343}, {"price": 6098, "isBuy": true, "qty": 343}], "symbol": "KSCM", "venue": "EDBEX", "ts": "2016-04-14T23:14:03.263613011Z"}, {"ok": true, "asks": [{"price": 6777, "isBuy": false, "qty": 156}, {"price": 6980, "isBuy": false, "qty": 250}, {"price": 6980, "isBuy": false, "qty": 250}, {"price": 7154, "isBuy": false, "qty": 244}], "bids": [{"price": 6678, "isBuy": true, "qty": 108}, {"price": 6678, "isBuy": true, "qty": 244}, {"price": 6678, "isBuy": true, "qty": 215}, {"price": 6678, "isBuy": true, "qty": 215}, {"price": 6678, "isBuy": true, "qty": 156}, {"price": 6678, "isBuy": true, "qty": 250}, {"price": 6158, "isBuy": true, "qty": 343}, {"price": 6128, "isBuy": true, "qty": 343}, {"price": 6098, "isBuy": true, "qty": 343}], "symbol": "KSCM", "venue": "EDBEX", "ts": "2016-04-14T23:14:03.359214011Z"}, {"ok": true, "asks": [{"price": 6777, "isBuy": false, "qty": 156}, {"price": 6980, "isBuy": false, "qty": 250}, {"price": 6980, "isBuy": false, "qty": 250}, {"price": 7154, "isBuy": false, "qty": 244}], "bids": [{"price": 6678, "isBuy": true, "qty": 108}, {"price": 6678, "isBuy": true, "qty": 244}, {"price": 6678, "isBuy": true, "qty": 215}, {"price": 6678, "isBuy": true, "qty": 215}, {"price": 6678, "isBuy": true, "qty": 156}, {"price": 6678, "isBuy": true, "qty": 250}, {"price": 6158, "isBuy": true, "qty": 343}, {"price": 6128, "isBuy": true, "qty": 343}, {"price": 6098, "isBuy": true, "qty": 343}], "symbol": "KSCM", "venue": "EDBEX", "ts": "2016-04-14T23:14:03.452117596Z"}, {"ok": true, "asks": [{"price": 6838, "isBuy": false, "qty": 102}, {"price": 6872, "isBuy": false, "qty": 102}, {"price": 6906, "isBuy": false, "qty": 102}, {"price": 6980, "isBuy": false, "qty": 250}, {"price": 6980, "isBuy": false, "qty": 250}, {"price": 7154, "isBuy": false, "qty": 244}], "bids": [{"price": 6678, "isBuy": true, "qty": 216}, {"price": 6678, "isBuy": true, "qty": 215}, {"price": 6678, "isBuy": true, "qty": 215}, {"price": 6678, "isBuy": true, "qty": 156}, {"price": 6678, "isBuy": true, "qty": 250}, {"price": 6620, "isBuy": true, "qty": 369}, {"price": 6587, "isBuy": true, "qty": 369}, {"price": 6554, "isBuy": true, "qty": 369}], "symbol": "KSCM", "venue": "EDBEX", "ts": "2016-04-14T23:14:05.747768304Z"}, {"ok": true, "asks": [{"price": 6838, "isBuy": false, "qty": 102}, {"price": 6872, "isBuy": false, "qty": 102}, {"price": 6906, "isBuy": false, "qty": 102}, {"price": 6980, "isBuy": false, "qty": 250}, {"price": 6980, "isBuy": false, "qty": 250}, {"price": 7043, "isBuy": false, "qty": 215}, {"price": 7154, "isBuy": false, "qty": 244}], "bids": [{"price": 6678, "isBuy": true, "qty": 216}, {"price": 6678, "isBuy": true, "qty": 215}, {"price": 6678, "isBuy": true, "qty": 215}, {"price": 6678, "isBuy": true, "qty": 156}, {"price": 6678, "isBuy": true, "qty": 250}, {"price": 6678, "isBuy": true, "qty": 102}, {"price": 6620, "isBuy": true, "qty": 369}, {"price": 6587, "isBuy": true, "qty": 369}, {"price": 6554, "isBuy": true, "qty": 369}], "symbol": "KSCM", "venue": "EDBEX", "ts": "2016-04-14T23:14:06.500238326Z"}, {"ok": true, "asks": [{"price": 6838, "isBuy": false, "qty": 102}, {"price": 6872, "isBuy": false, "qty": 102}, {"price": 6906, "isBuy": false, "qty": 102}, {"price": 6980, "isBuy": false, "qty": 250}, {"price": 6980, "isBuy": false, "qty": 250}, {"price": 7043, "isBuy": false, "qty": 215}, {"price": 7154, "isBuy": false, "qty": 244}], "bids": [{"price": 6678, "isBuy": true, "qty": 216}, {"price": 6678, "isBuy": true, "qty": 215}, {"price": 6678, "isBuy": true, "qty": 215}, {"price": 6678, "isBuy": true, "qty": 156}, {"price": 6678, "isBuy": true, "qty": 250}, {"price": 6678, "isBuy": true, "qty": 102}, {"price": 6620, "isBuy": true, "qty": 369}, {"price": 6587, "isBuy": true, "qty": 369}, {"price": 6554, "isBuy": true, "qty": 369}], "symbol": "KSCM", "venue": "EDBEX", "ts": "2016-04-14T23:14:06.595321897Z"}, {"ok": true, "asks": [{"price": 6838, "isBuy": false, "qty": 102}, {"price": 6872, "isBuy": false, "qty": 102}, {"price": 6906, "isBuy": false, "qty": 102}, {"price": 6980, "isBuy": false, "qty": 250}, {"price": 6980, "isBuy": false, "qty": 250}, {"price": 7043, "isBuy": false, "qty": 215}, {"price": 7154, "isBuy": false, "qty": 244}], "bids": [{"price": 6678, "isBuy": true, "qty": 216}, {"price": 6678, "isBuy": true, "qty": 215}, {"price": 6678, "isBuy": true, "qty": 215}, {"price": 6678, "isBuy": true, "qty": 156}, {"price": 6678, "isBuy": true, "qty": 250}, {"price": 6678, "isBuy": true, "qty": 102}, {"price": 6620, "isBuy": true, "qty": 369}, {"price": 6587, "isBuy": true, "qty": 369}, {"price": 6554, "isBuy": true, "qty": 369}], "symbol": "KSCM", "venue": "EDBEX", "ts": "2016-04-14T23:14:06.718245133Z"}, {"ok": true, "asks": [{"price": 6838, "isBuy": false, "qty": 102}, {"price": 6872, "isBuy": false, "qty": 102}, {"price": 6906, "isBuy": false, "qty": 102}, {"price": 6980, "isBuy": false, "qty": 250}, {"price": 6980, "isBuy": false, "qty": 250}, {"price": 7043, "isBuy": false, "qty": 215}, {"price": 7154, "isBuy": false, "qty": 244}], "bids": [{"price": 6678, "isBuy": true, "qty": 216}, {"price": 6678, "isBuy": true, "qty": 215}, {"price": 6678, "isBuy": true, "qty": 215}, {"price": 6678, "isBuy": true, "qty": 156}, {"price": 6678, "isBuy": true, "qty": 250}, {"price": 6678, "isBuy": true, "qty": 102}, {"price": 6620, "isBuy": true, "qty": 369}, {"price": 6587, "isBuy": true, "qty": 369}, {"price": 6554, "isBuy": true, "qty": 369}], "symbol": "KSCM", "venue": "EDBEX", "ts": "2016-04-14T23:14:06.83521994Z"}, {"ok": true, "asks": [{"price": 6838, "isBuy": false, "qty": 102}, {"price": 6872, "isBuy": false, "qty": 102}, {"price": 6906, "isBuy": false, "qty": 102}, {"price": 6980, "isBuy": false, "qty": 250}, {"price": 6980, "isBuy": false, "qty": 250}, {"price": 7043, "isBuy": false, "qty": 215}, {"price": 7154, "isBuy": false, "qty": 244}], "bids": [{"price": 6678, "isBuy": true, "qty": 216}, {"price": 6678, "isBuy": true, "qty": 215}, {"price": 6678, "isBuy": true, "qty": 215}, {"price": 6678, "isBuy": true, "qty": 156}, {"price": 6678, "isBuy": true, "qty": 250}, {"price": 6678, "isBuy": true, "qty": 102}, {"price": 6620, "isBuy": true, "qty": 369}, {"price": 6587, "isBuy": true, "qty": 369}, {"price": 6554, "isBuy": true, "qty": 369}], "symbol": "KSCM", "venue": "EDBEX", "ts": "2016-04-14T23:14:06.927134Z"}, {"ok": true, "asks": [{"price": 6838, "isBuy": false, "qty": 102}, {"price": 6872, "isBuy": false, "qty": 102}, {"price": 6906, "isBuy": false, "qty": 102}, {"price": 6980, "isBuy": false, "qty": 250}, {"price": 6980, "isBuy": false, "qty": 250}, {"price": 7043, "isBuy": false, "qty": 215}, {"price": 7154, "isBuy": false, "qty": 244}], "bids": [{"price": 6678, "isBuy": true, "qty": 216}, {"price": 6678, "isBuy": true, "qty": 215}, {"price": 6678, "isBuy": true, "qty": 215}, {"price": 6678, "isBuy": true, "qty": 156}, {"price": 6678, "isBuy": true, "qty": 250}, {"price": 6678, "isBuy": true, "qty": 102}, {"price": 6620, "isBuy": true, "qty": 369}, {"price": 6587, "isBuy": true, "qty": 369}, {"price": 6554, "isBuy": true, "qty": 369}], "symbol": "KSCM", "venue": "EDBEX", "ts": "2016-04-14T23:14:07.018504912Z"}, {"ok": true, "asks": [{"price": 6838, "isBuy": false, "qty": 102}, {"price": 6872, "isBuy": false, "qty": 102}, {"price": 6906, "isBuy": false, "qty": 102}, {"price": 6980, "isBuy": false, "qty": 250}, {"price": 6980, "isBuy": false, "qty": 250}, {"price": 7043, "isBuy": false, "qty": 215}, {"price": 7154, "isBuy": false, "qty": 244}], "bids": [{"price": 6678, "isBuy": true, "qty": 216}, {"price": 6678, "isBuy": true, "qty": 215}, {"price": 6678, "isBuy": true, "qty": 215}, {"price": 6678, "isBuy": true, "qty": 156}, {"price": 6678, "isBuy": true, "qty": 250}, {"price": 6678, "isBuy": true, "qty": 102}, {"price": 6620, "isBuy": true, "qty": 369}, {"price": 6587, "isBuy": true, "qty": 369}, {"price": 6554, "isBuy": true, "qty": 369}], "symbol": "KSCM", "venue": "EDBEX", "ts": "2016-04-14T23:14:07.113817072Z"}, {"ok": true, "asks": [{"price": 6838, "isBuy": false, "qty": 102}, {"price": 6872, "isBuy": false, "qty": 102}, {"price": 6906, "isBuy": false, "qty": 102}, {"price": 6980, "isBuy": false, "qty": 250}, {"price": 6980, "isBuy": false, "qty": 250}, {"price": 7043, "isBuy": false, "qty": 215}, {"price": 7154, "isBuy": false, "qty": 244}], "bids": [{"price": 6678, "isBuy": true, "qty": 216}, {"price": 6678, "isBuy": true, "qty": 215}, {"price": 6678, "isBuy": true, "qty": 215}, {"price": 6678, "isBuy": true, "qty": 156}, {"price": 6678, "isBuy": true, "qty": 250}, {"price": 6678, "isBuy": true, "qty": 102}, {"price": 6620, "isBuy": true, "qty": 369}, {"price": 6587, "isBuy": true, "qty": 369}, {"price": 6554, "isBuy": true, "qty": 369}], "symbol": "KSCM", "venue": "EDBEX", "ts": "2016-04-14T23:14:07.208559749Z"}, {"ok": true, "asks": [{"price": 6838, "isBuy": false, "qty": 102}, {"price": 6872, "isBuy": false, "qty": 102}, {"price": 6906, "isBuy": false, "qty": 102}, {"price": 6980, "isBuy": false, "qty": 250}, {"price": 6980, "isBuy": false, "qty": 250}, {"price": 7043, "isBuy": false, "qty": 215}, {"price": 7154, "isBuy": false, "qty": 244}], "bids": [{"price": 6678, "isBuy": true, "qty": 216}, {"price": 6678, "isBuy": true, "qty": 215}, {"price": 6678, "isBuy": true, "qty": 215}, {"price": 6678, "isBuy": true, "qty": 156}, {"price": 6678, "isBuy": true, "qty": 250}, {"price": 6678, "isBuy": true, "qty": 102}, {"price": 6620, "isBuy": true, "qty": 369}, {"price": 6587, "isBuy": true, "qty": 369}, {"price": 6554, "isBuy": true, "qty": 369}], "symbol": "KSCM", "venue": "EDBEX", "ts": "2016-04-14T23:14:07.351707441Z"}, {"ok": true, "asks": [{"price": 6838, "isBuy": false, "qty": 102}, {"price": 6872, "isBuy": false, "qty": 102}, {"price": 6906, "isBuy": false, "qty": 102}, {"price": 6980, "isBuy": false, "qty": 250}, {"price": 6980, "isBuy": false, "qty": 250}, {"price": 7043, "isBuy": false, "qty": 215}, {"price": 7154, "isBuy": false, "qty": 244}], "bids": [{"price": 6678, "isBuy": true, "qty": 216}, {"price": 6678, "isBuy": true, "qty": 215}, {"price": 6678, "isBuy": true, "qty": 215}, {"price": 6678, "isBuy": true, "qty": 156}, {"price": 6678, "isBuy": true, "qty": 250}, {"price": 6678, "isBuy": true, "qty": 102}, {"price": 6620, "isBuy": true, "qty": 369}, {"price": 6587, "isBuy": true, "qty": 369}, {"price": 6554, "isBuy": true, "qty": 369}], "symbol": "KSCM", "venue": "EDBEX", "ts": "2016-04-14T23:14:07.512970438Z"}, {"ok": true, "asks": [{"price": 6838, "isBuy": false, "qty": 102}, {"price": 6872, "isBuy": false, "qty": 102}, {"price": 6906, "isBuy": false, "qty": 102}, {"price": 6980, "isBuy": false, "qty": 250}, {"price": 6980, "isBuy": false, "qty": 250}, {"price": 7043, "isBuy": false, "qty": 215}, {"price": 7154, "isBuy": false, "qty": 244}], "bids": [{"price": 6678, "isBuy": true, "qty": 216}, {"price": 6678, "isBuy": true, "qty": 215}, {"price": 6678, "isBuy": true, "qty": 215}, {"price": 6678, "isBuy": true, "qty": 156}, {"price": 6678, "isBuy": true, "qty": 250}, {"price": 6678, "isBuy": true, "qty": 102}, {"price": 6620, "isBuy": true, "qty": 369}, {"price": 6587, "isBuy": true, "qty": 369}, {"price": 6554, "isBuy": true, "qty": 369}], "symbol": "KSCM", "venue": "EDBEX", "ts": "2016-04-14T23:14:09.752845996Z"}, {"ok": true, "asks": [{"price": 6719, "isBuy": false, "qty": 102}, {"price": 6752, "isBuy": false, "qty": 102}, {"price": 6785, "isBuy": false, "qty": 102}, {"price": 6980, "isBuy": false, "qty": 250}, {"price": 6980, "isBuy": false, "qty": 250}, {"price": 7043, "isBuy": false, "qty": 215}, {"price": 7043, "isBuy": false, "qty": 215}, {"price": 7154, "isBuy": false, "qty": 244}], "bids": [{"price": 6678, "isBuy": true, "qty": 208}, {"price": 6678, "isBuy": true, "qty": 215}, {"price": 6678, "isBuy": true, "qty": 156}, {"price": 6678, "isBuy": true, "qty": 250}, {"price": 6678, "isBuy": true, "qty": 102}, {"price": 6678, "isBuy": true, "qty": 102}, {"price": 6653, "isBuy": true, "qty": 398}, {"price": 6620, "isBuy": true, "qty": 29}, {"price": 6587, "isBuy": true, "qty": 29}], "symbol": "KSCM", "venue": "EDBEX", "ts": "2016-04-14T23:14:10.441397173Z"}, {"ok": true, "asks": [{"price": 6719, "isBuy": false, "qty": 102}, {"price": 6752, "isBuy": false, "qty": 102}, {"price": 6785, "isBuy": false, "qty": 102}, {"price": 6980, "isBuy": false, "qty": 250}, {"price": 6980, "isBuy": false, "qty": 250}, {"price": 7043, "isBuy": false, "qty": 215}, {"price": 7043, "isBuy": false, "qty": 215}, {"price": 7154, "isBuy": false, "qty": 244}], "bids": [{"price": 6678, "isBuy": true, "qty": 208}, {"price": 6678, "isBuy": true, "qty": 215}, {"price": 6678, "isBuy": true, "qty": 156}, {"price": 6678, "isBuy": true, "qty": 250}, {"price": 6678, "isBuy": true, "qty": 102}, {"price": 6678, "isBuy": true, "qty": 102}, {"price": 6653, "isBuy": true, "qty": 398}, {"price": 6620, "isBuy": true, "qty": 29}, {"price": 6587, "isBuy": true, "qty": 29}], "symbol": "KSCM", "venue": "EDBEX", "ts": "2016-04-14T23:14:10.535033003Z"}, {"ok": true, "asks": [{"price": 6719, "isBuy": false, "qty": 102}, {"price": 6752, "isBuy": false, "qty": 102}, {"price": 6785, "isBuy": false, "qty": 102}, {"price": 6980, "isBuy": false, "qty": 250}, {"price": 6980, "isBuy": false, "qty": 250}, {"price": 7043, "isBuy": false, "qty": 215}, {"price": 7043, "isBuy": false, "qty": 215}, {"price": 7154, "isBuy": false, "qty": 244}], "bids": [{"price": 6678, "isBuy": true, "qty": 208}, {"price": 6678, "isBuy": true, "qty": 215}, {"price": 6678, "isBuy": true, "qty": 156}, {"price": 6678, "isBuy": true, "qty": 250}, {"price": 6678, "isBuy": true, "qty": 102}, {"price": 6678, "isBuy": true, "qty": 102}, {"price": 6653, "isBuy": true, "qty": 398}, {"price": 6620, "isBuy": true, "qty": 29}, {"price": 6587, "isBuy": true, "qty": 29}], "symbol": "KSCM", "venue": "EDBEX", "ts": "2016-04-14T23:14:10.637643756Z"}, {"ok": true, "asks": [{"price": 6719, "isBuy": false, "qty": 102}, {"price": 6752, "isBuy": false, "qty": 102}, {"price": 6785, "isBuy": false, "qty": 102}, {"price": 6980, "isBuy": false, "qty": 250}, {"price": 6980, "isBuy": false, "qty": 250}, {"price": 7043, "isBuy": false, "qty": 215}, {"price": 7043, "isBuy": false, "qty": 215}, {"price": 7154, "isBuy": false, "qty": 244}], "bids": [{"price": 6678, "isBuy": true, "qty": 208}, {"price": 6678, "isBuy": true, "qty": 215}, {"price": 6678, "isBuy": true, "qty": 156}, {"price": 6678, "isBuy": true, "qty": 250}, {"price": 6678, "isBuy": true, "qty": 102}, {"price": 6678, "isBuy": true, "qty": 102}, {"price": 6653, "isBuy": true, "qty": 398}, {"price": 6620, "isBuy": true, "qty": 29}, {"price": 6587, "isBuy": true, "qty": 29}], "symbol": "KSCM", "venue": "EDBEX", "ts": "2016-04-14T23:14:10.73536053Z"}, {"ok": true, "asks": [{"price": 6719, "isBuy": false, "qty": 102}, {"price": 6752, "isBuy": false, "qty": 102}, {"price": 6785, "isBuy": false, "qty": 102}, {"price": 6980, "isBuy": false, "qty": 250}, {"price": 6980, "isBuy": false, "qty": 250}, {"price": 7043, "isBuy": false, "qty": 215}, {"price": 7043, "isBuy": false, "qty": 215}, {"price": 7154, "isBuy": false, "qty": 244}], "bids": [{"price": 6678, "isBuy": true, "qty": 208}, {"price": 6678, "isBuy": true, "qty": 215}, {"price": 6678, "isBuy": true, "qty": 156}, {"price": 6678, "isBuy": true, "qty": 250}, {"price": 6678, "isBuy": true, "qty": 102}, {"price": 6678, "isBuy": true, "qty": 102}, {"price": 6653, "isBuy": true, "qty": 398}, {"price": 6620, "isBuy": true, "qty": 29}, {"price": 6587, "isBuy": true, "qty": 29}], "symbol": "KSCM", "venue": "EDBEX", "ts": "2016-04-14T23:14:10.839025002Z"}, {"ok": true, "asks": [{"price": 6719, "isBuy": false, "qty": 102}, {"price": 6752, "isBuy": false, "qty": 102}, {"price": 6785, "isBuy": false, "qty": 102}, {"price": 6980, "isBuy": false, "qty": 250}, {"price": 6980, "isBuy": false, "qty": 250}, {"price": 7043, "isBuy": false, "qty": 215}, {"price": 7043, "isBuy": false, "qty": 215}, {"price": 7154, "isBuy": false, "qty": 244}], "bids": [{"price": 6678, "isBuy": true, "qty": 208}, {"price": 6678, "isBuy": true, "qty": 215}, {"price": 6678, "isBuy": true, "qty": 156}, {"price": 6678, "isBuy": true, "qty": 250}, {"price": 6678, "isBuy": true, "qty": 102}, {"price": 6678, "isBuy": true, "qty": 102}, {"price": 6653, "isBuy": true, "qty": 398}, {"price": 6620, "isBuy": true, "qty": 29}, {"price": 6587, "isBuy": true, "qty": 29}], "symbol": "KSCM", "venue": "EDBEX", "ts": "2016-04-14T23:14:10.975355769Z"}, {"ok": true, "asks": [{"price": 6719, "isBuy": false, "qty": 102}, {"price": 6752, "isBuy": false, "qty": 102}, {"price": 6785, "isBuy": false, "qty": 102}, {"price": 6980, "isBuy": false, "qty": 250}, {"price": 6980, "isBuy": false, "qty": 250}, {"price": 7043, "isBuy": false, "qty": 215}, {"price": 7043, "isBuy": false, "qty": 215}, {"price": 7154, "isBuy": false, "qty": 244}], "bids": [{"price": 6678, "isBuy": true, "qty": 208}, {"price": 6678, "isBuy": true, "qty": 215}, {"price": 6678, "isBuy": true, "qty": 156}, {"price": 6678, "isBuy": true, "qty": 250}, {"price": 6678, "isBuy": true, "qty": 102}, {"price": 6678, "isBuy": true, "qty": 102}, {"price": 6653, "isBuy": true, "qty": 398}, {"price": 6620, "isBuy": true, "qty": 29}, {"price": 6587, "isBuy": true, "qty": 29}], "symbol": "KSCM", "venue": "EDBEX", "ts": "2016-04-14T23:14:11.121423159Z"}, {"ok": true, "asks": [{"price": 6719, "isBuy": false, "qty": 102}, {"price": 6752, "isBuy": false, "qty": 102}, {"price": 6785, "isBuy": false, "qty": 102}, {"price": 6980, "isBuy": false, "qty": 250}, {"price": 6980, "isBuy": false, "qty": 250}, {"price": 7043, "isBuy": false, "qty": 215}, {"price": 7043, "isBuy": false, "qty": 215}, {"price": 7154, "isBuy": false, "qty": 244}], "bids": [{"price": 6678, "isBuy": true, "qty": 208}, {"price": 6678, "isBuy": true, "qty": 215}, {"price": 6678, "isBuy": true, "qty": 156}, {"price": 6678, "isBuy": true, "qty": 250}, {"price": 6678, "isBuy": true, "qty": 102}, {"price": 6678, "isBuy": true, "qty": 102}, {"price": 6653, "isBuy": true, "qty": 398}, {"price": 6620, "isBuy": true, "qty": 29}, {"price": 6587, "isBuy": true, "qty": 29}], "symbol": "KSCM", "venue": "EDBEX", "ts": "2016-04-14T23:14:11.258207283Z"}, {"ok": true, "asks": [{"price": 6719, "isBuy": false, "qty": 102}, {"price": 6752, "isBuy": false, "qty": 102}, {"price": 6785, "isBuy": false, "qty": 102}, {"price": 6980, "isBuy": false, "qty": 250}, {"price": 6980, "isBuy": false, "qty": 250}, {"price": 7043, "isBuy": false, "qty": 215}, {"price": 7043, "isBuy": false, "qty": 215}, {"price": 7154, "isBuy": false, "qty": 244}], "bids": [{"price": 6678, "isBuy": true, "qty": 208}, {"price": 6678, "isBuy": true, "qty": 215}, {"price": 6678, "isBuy": true, "qty": 156}, {"price": 6678, "isBuy": true, "qty": 250}, {"price": 6678, "isBuy": true, "qty": 102}, {"price": 6678, "isBuy": true, "qty": 102}, {"price": 6653, "isBuy": true, "qty": 398}, {"price": 6620, "isBuy": true, "qty": 29}, {"price": 6587, "isBuy": true, "qty": 29}], "symbol": "KSCM", "venue": "EDBEX", "ts": "2016-04-14T23:14:11.358541015Z"}, {"ok": true, "asks": [{"price": 6719, "isBuy": false, "qty": 102}, {"price": 6752, "isBuy": false, "qty": 102}, {"price": 6785, "isBuy": false, "qty": 102}, {"price": 6980, "isBuy": false, "qty": 250}, {"price": 6980, "isBuy": false, "qty": 250}, {"price": 7043, "isBuy": false, "qty": 215}, {"price": 7043, "isBuy": false, "qty": 215}, {"price": 7154, "isBuy": false, "qty": 244}], "bids": [{"price": 6678, "isBuy": true, "qty": 208}, {"price": 6678, "isBuy": true, "qty": 215}, {"price": 6678, "isBuy": true, "qty": 156}, {"price": 6678, "isBuy": true, "qty": 250}, {"price": 6678, "isBuy": true, "qty": 102}, {"price": 6678, "isBuy": true, "qty": 102}, {"price": 6653, "isBuy": true, "qty": 398}, {"price": 6620, "isBuy": true, "qty": 29}, {"price": 6587, "isBuy": true, "qty": 29}], "symbol": "KSCM", "venue": "EDBEX", "ts": "2016-04-14T23:14:11.454554382Z"}, {"ok": true, "asks": [{"price": 6719, "isBuy": false, "qty": 102}, {"price": 6752, "isBuy": false, "qty": 102}, {"price": 6785, "isBuy": false, "qty": 102}, {"price": 6980, "isBuy": false, "qty": 250}, {"price": 6980, "isBuy": false, "qty": 250}, {"price": 7043, "isBuy": false, "qty": 215}, {"price": 7043, "isBuy": false, "qty": 215}, {"price": 7154, "isBuy": false, "qty": 244}], "bids": [{"price": 6678, "isBuy": true, "qty": 208}, {"price": 6678, "isBuy": true, "qty": 215}, {"price": 6678, "isBuy": true, "qty": 156}, {"price": 6678, "isBuy": true, "qty": 250}, {"price": 6678, "isBuy": true, "qty": 102}, {"price": 6678, "isBuy": true, "qty": 102}, {"price": 6653, "isBuy": true, "qty": 398}, {"price": 6620, "isBuy": true, "qty": 29}, {"price": 6587, "isBuy": true, "qty": 29}], "symbol": "KSCM", "venue": "EDBEX", "ts": "2016-04-14T23:14:11.84448581Z"}, {"ok": true, "asks": [{"price": 6719, "isBuy": false, "qty": 102}, {"price": 6752, "isBuy": false, "qty": 102}, {"price": 6785, "isBuy": false, "qty": 102}, {"price": 6980, "isBuy": false, "qty": 250}, {"price": 6980, "isBuy": false, "qty": 250}, {"price": 7043, "isBuy": false, "qty": 215}, {"price": 7043, "isBuy": false, "qty": 215}, {"price": 7154, "isBuy": false, "qty": 244}], "bids": [{"price": 6678, "isBuy": true, "qty": 208}, {"price": 6678, "isBuy": true, "qty": 215}, {"price": 6678, "isBuy": true, "qty": 156}, {"price": 6678, "isBuy": true, "qty": 250}, {"price": 6678, "isBuy": true, "qty": 102}, {"price": 6678, "isBuy": true, "qty": 102}, {"price": 6653, "isBuy": true, "qty": 398}, {"price": 6620, "isBuy": true, "qty": 29}, {"price": 6587, "isBuy": true, "qty": 29}], "symbol": "KSCM", "venue": "EDBEX", "ts": "2016-04-14T23:14:14.034850158Z"}, {"ok": true, "asks": [{"price": 6719, "isBuy": false, "qty": 102}, {"price": 6752, "isBuy": false, "qty": 102}, {"price": 6785, "isBuy": false, "qty": 102}, {"price": 6920, "isBuy": false, "qty": 215}, {"price": 6980, "isBuy": false, "qty": 250}, {"price": 6980, "isBuy": false, "qty": 250}, {"price": 7043, "isBuy": false, "qty": 215}, {"price": 7043, "isBuy": false, "qty": 215}, {"price": 7154, "isBuy": false, "qty": 244}], "bids": [{"price": 6678, "isBuy": true, "qty": 208}, {"price": 6678, "isBuy": true, "qty": 215}, {"price": 6678, "isBuy": true, "qty": 156}, {"price": 6678, "isBuy": true, "qty": 250}, {"price": 6678, "isBuy": true, "qty": 102}, {"price": 6678, "isBuy": true, "qty": 102}, {"price": 6678, "isBuy": true, "qty": 102}, {"price": 6653, "isBuy": true, "qty": 398}, {"price": 6620, "isBuy": true, "qty": 29}, {"price": 6587, "isBuy": true, "qty": 29}], "symbol": "KSCM", "venue": "EDBEX", "ts": "2016-04-14T23:14:14.612791418Z"}, {"ok": true, "asks": [{"price": 6719, "isBuy": false, "qty": 102}, {"price": 6752, "isBuy": false, "qty": 102}, {"price": 6785, "isBuy": false, "qty": 102}, {"price": 6920, "isBuy": false, "qty": 215}, {"price": 6980, "isBuy": false, "qty": 250}, {"price": 6980, "isBuy": false, "qty": 250}, {"price": 7043, "isBuy": false, "qty": 215}, {"price": 7043, "isBuy": false, "qty": 215}, {"price": 7154, "isBuy": false, "qty": 244}], "bids": [{"price": 6678, "isBuy": true, "qty": 208}, {"price": 6678, "isBuy": true, "qty": 215}, {"price": 6678, "isBuy": true, "qty": 156}, {"price": 6678, "isBuy": true, "qty": 250}, {"price": 6678, "isBuy": true, "qty": 102}, {"price": 6678, "isBuy": true, "qty": 102}, {"price": 6678, "isBuy": true, "qty": 102}, {"price": 6653, "isBuy": true, "qty": 398}, {"price": 6620, "isBuy": true, "qty": 29}, {"price": 6587, "isBuy": true, "qty": 29}], "symbol": "KSCM", "venue": "EDBEX", "ts": "2016-04-14T23:14:14.701186138Z"}, {"ok": true, "asks": [{"price": 6719, "isBuy": false, "qty": 102}, {"price": 6752, "isBuy": false, "qty": 102}, {"price": 6785, "isBuy": false, "qty": 102}, {"price": 6920, "isBuy": false, "qty": 215}, {"price": 6980, "isBuy": false, "qty": 250}, {"price": 6980, "isBuy": false, "qty": 250}, {"price": 7043, "isBuy": false, "qty": 215}, {"price": 7043, "isBuy": false, "qty": 215}, {"price": 7154, "isBuy": false, "qty": 244}], "bids": [{"price": 6678, "isBuy": true, "qty": 208}, {"price": 6678, "isBuy": true, "qty": 215}, {"price": 6678, "isBuy": true, "qty": 156}, {"price": 6678, "isBuy": true, "qty": 250}, {"price": 6678, "isBuy": true, "qty": 102}, {"price": 6678, "isBuy": true, "qty": 102}, {"price": 6678, "isBuy": true, "qty": 102}, {"price": 6653, "isBuy": true, "qty": 398}, {"price": 6620, "isBuy": true, "qty": 29}, {"price": 6587, "isBuy": true, "qty": 29}], "symbol": "KSCM", "venue": "EDBEX", "ts": "2016-04-14T23:14:14.792770461Z"}, {"ok": true, "asks": [{"price": 6719, "isBuy": false, "qty": 102}, {"price": 6752, "isBuy": false, "qty": 102}, {"price": 6785, "isBuy": false, "qty": 102}, {"price": 6920, "isBuy": false, "qty": 215}, {"price": 6980, "isBuy": false, "qty": 250}, {"price": 6980, "isBuy": false, "qty": 250}, {"price": 7043, "isBuy": false, "qty": 215}, {"price": 7043, "isBuy": false, "qty": 215}, {"price": 7154, "isBuy": false, "qty": 244}], "bids": [{"price": 6678, "isBuy": true, "qty": 208}, {"price": 6678, "isBuy": true, "qty": 215}, {"price": 6678, "isBuy": true, "qty": 156}, {"price": 6678, "isBuy": true, "qty": 250}, {"price": 6678, "isBuy": true, "qty": 102}, {"price": 6678, "isBuy": true, "qty": 102}, {"price": 6678, "isBuy": true, "qty": 102}, {"price": 6653, "isBuy": true, "qty": 398}, {"price": 6620, "isBuy": true, "qty": 29}, {"price": 6587, "isBuy": true, "qty": 29}], "symbol": "KSCM", "venue": "EDBEX", "ts": "2016-04-14T23:14:14.889710982Z"}, {"ok": true, "asks": [{"price": 6719, "isBuy": false, "qty": 102}, {"price": 6752, "isBuy": false, "qty": 102}, {"price": 6785, "isBuy": false, "qty": 102}, {"price": 6920, "isBuy": false, "qty": 215}, {"price": 6980, "isBuy": false, "qty": 250}, {"price": 6980, "isBuy": false, "qty": 250}, {"price": 7043, "isBuy": false, "qty": 215}, {"price": 7043, "isBuy": false, "qty": 215}, {"price": 7154, "isBuy": false, "qty": 244}], "bids": [{"price": 6678, "isBuy": true, "qty": 208}, {"price": 6678, "isBuy": true, "qty": 215}, {"price": 6678, "isBuy": true, "qty": 156}, {"price": 6678, "isBuy": true, "qty": 250}, {"price": 6678, "isBuy": true, "qty": 102}, {"price": 6678, "isBuy": true, "qty": 102}, {"price": 6678, "isBuy": true, "qty": 102}, {"price": 6653, "isBuy": true, "qty": 398}, {"price": 6620, "isBuy": true, "qty": 29}, {"price": 6587, "isBuy": true, "qty": 29}], "symbol": "KSCM", "venue": "EDBEX", "ts": "2016-04-14T23:14:14.985475298Z"}, {"ok": true, "asks": [{"price": 6711, "isBuy": false, "qty": 102}, {"price": 6744, "isBuy": false, "qty": 102}, {"price": 6777, "isBuy": false, "qty": 102}, {"price": 6920, "isBuy": false, "qty": 215}, {"price": 6980, "isBuy": false, "qty": 250}, {"price": 6980, "isBuy": false, "qty": 250}, {"price": 7043, "isBuy": false, "qty": 215}, {"price": 7043, "isBuy": false, "qty": 215}, {"price": 7154, "isBuy": false, "qty": 244}], "bids": [{"price": 6678, "isBuy": true, "qty": 32}, {"price": 6678, "isBuy": true, "qty": 215}, {"price": 6678, "isBuy": true, "qty": 156}, {"price": 6678, "isBuy": true, "qty": 250}, {"price": 6678, "isBuy": true, "qty": 102}, {"price": 6678, "isBuy": true, "qty": 102}, {"price": 6678, "isBuy": true, "qty": 102}, {"price": 6274, "isBuy": true, "qty": 398}, {"price": 6243, "isBuy": true, "qty": 398}, {"price": 6212, "isBuy": true, "qty": 398}], "symbol": "KSCM", "venue": "EDBEX", "ts": "2016-04-14T23:14:15.116037371Z"}, {"ok": true, "asks": [{"price": 6711, "isBuy": false, "qty": 102}, {"price": 6744, "isBuy": false, "qty": 102}, {"price": 6777, "isBuy": false, "qty": 102}, {"price": 6920, "isBuy": false, "qty": 215}, {"price": 6980, "isBuy": false, "qty": 250}, {"price": 6980, "isBuy": false, "qty": 250}, {"price": 7043, "isBuy": false, "qty": 215}, {"price": 7043, "isBuy": false, "qty": 215}, {"price": 7154, "isBuy": false, "qty": 244}], "bids": [{"price": 6678, "isBuy": true, "qty": 32}, {"price": 6678, "isBuy": true, "qty": 215}, {"price": 6678, "isBuy": true, "qty": 156}, {"price": 6678, "isBuy": true, "qty": 250}, {"price": 6678, "isBuy": true, "qty": 102}, {"price": 6678, "isBuy": true, "qty": 102}, {"price": 6678, "isBuy": true, "qty": 102}, {"price": 6274, "isBuy": true, "qty": 398}, {"price": 6243, "isBuy": true, "qty": 398}, {"price": 6212, "isBuy": true, "qty": 398}], "symbol": "KSCM", "venue": "EDBEX", "ts": "2016-04-14T23:14:15.208235354Z"}, {"ok": true, "asks": [{"price": 6711, "isBuy": false, "qty": 102}, {"price": 6744, "isBuy": false, "qty": 102}, {"price": 6777, "isBuy": false, "qty": 102}, {"price": 6920, "isBuy": false, "qty": 215}, {"price": 6980, "isBuy": false, "qty": 250}, {"price": 6980, "isBuy": false, "qty": 250}, {"price": 7043, "isBuy": false, "qty": 215}, {"price": 7043, "isBuy": false, "qty": 215}, {"price": 7154, "isBuy": false, "qty": 244}], "bids": [{"price": 6678, "isBuy": true, "qty": 32}, {"price": 6678, "isBuy": true, "qty": 215}, {"price": 6678, "isBuy": true, "qty": 156}, {"price": 6678, "isBuy": true, "qty": 250}, {"price": 6678, "isBuy": true, "qty": 102}, {"price": 6678, "isBuy": true, "qty": 102}, {"price": 6678, "isBuy": true, "qty": 102}, {"price": 6274, "isBuy": true, "qty": 398}, {"price": 6243, "isBuy": true, "qty": 398}, {"price": 6212, "isBuy": true, "qty": 398}], "symbol": "KSCM", "venue": "EDBEX", "ts": "2016-04-14T23:14:15.316835612Z"}, {"ok": true, "asks": [{"price": 6711, "isBuy": false, "qty": 102}, {"price": 6744, "isBuy": false, "qty": 102}, {"price": 6777, "isBuy": false, "qty": 102}, {"price": 6920, "isBuy": false, "qty": 215}, {"price": 6980, "isBuy": false, "qty": 250}, {"price": 6980, "isBuy": false, "qty": 250}, {"price": 7043, "isBuy": false, "qty": 215}, {"price": 7043, "isBuy": false, "qty": 215}, {"price": 7154, "isBuy": false, "qty": 244}], "bids": [{"price": 6678, "isBuy": true, "qty": 32}, {"price": 6678, "isBuy": true, "qty": 215}, {"price": 6678, "isBuy": true, "qty": 156}, {"price": 6678, "isBuy": true, "qty": 250}, {"price": 6678, "isBuy": true, "qty": 102}, {"price": 6678, "isBuy": true, "qty": 102}, {"price": 6678, "isBuy": true, "qty": 102}, {"price": 6274, "isBuy": true, "qty": 398}, {"price": 6243, "isBuy": true, "qty": 398}, {"price": 6212, "isBuy": true, "qty": 398}], "symbol": "KSCM", "venue": "EDBEX", "ts": "2016-04-14T23:14:15.413156924Z"}, {"ok": true, "asks": [{"price": 6711, "isBuy": false, "qty": 102}, {"price": 6744, "isBuy": false, "qty": 102}, {"price": 6777, "isBuy": false, "qty": 102}, {"price": 6920, "isBuy": false, "qty": 215}, {"price": 6980, "isBuy": false, "qty": 250}, {"price": 6980, "isBuy": false, "qty": 250}, {"price": 7043, "isBuy": false, "qty": 215}, {"price": 7043, "isBuy": false, "qty": 215}, {"price": 7154, "isBuy": false, "qty": 244}], "bids": [{"price": 6678, "isBuy": true, "qty": 32}, {"price": 6678, "isBuy": true, "qty": 215}, {"price": 6678, "isBuy": true, "qty": 156}, {"price": 6678, "isBuy": true, "qty": 250}, {"price": 6678, "isBuy": true, "qty": 102}, {"price": 6678, "isBuy": true, "qty": 102}, {"price": 6678, "isBuy": true, "qty": 102}, {"price": 6274, "isBuy": true, "qty": 398}, {"price": 6243, "isBuy": true, "qty": 398}, {"price": 6212, "isBuy": true, "qty": 398}], "symbol": "KSCM", "venue": "EDBEX", "ts": "2016-04-14T23:14:15.508742856Z"}, {"ok": true, "asks": [{"price": 6711, "isBuy": false, "qty": 102}, {"price": 6744, "isBuy": false, "qty": 102}, {"price": 6777, "isBuy": false, "qty": 102}, {"price": 6920, "isBuy": false, "qty": 215}, {"price": 6980, "isBuy": false, "qty": 250}, {"price": 6980, "isBuy": false, "qty": 250}, {"price": 7043, "isBuy": false, "qty": 215}, {"price": 7043, "isBuy": false, "qty": 215}, {"price": 7154, "isBuy": false, "qty": 244}], "bids": [{"price": 6678, "isBuy": true, "qty": 32}, {"price": 6678, "isBuy": true, "qty": 215}, {"price": 6678, "isBuy": true, "qty": 156}, {"price": 6678, "isBuy": true, "qty": 250}, {"price": 6678, "isBuy": true, "qty": 102}, {"price": 6678, "isBuy": true, "qty": 102}, {"price": 6678, "isBuy": true, "qty": 102}, {"price": 6274, "isBuy": true, "qty": 398}, {"price": 6243, "isBuy": true, "qty": 398}, {"price": 6212, "isBuy": true, "qty": 398}], "symbol": "KSCM", "venue": "EDBEX", "ts": "2016-04-14T23:14:15.602299368Z"}, {"ok": true, "asks": [{"price": 6711, "isBuy": false, "qty": 102}, {"price": 6744, "isBuy": false, "qty": 102}, {"price": 6777, "isBuy": false, "qty": 102}, {"price": 6920, "isBuy": false, "qty": 215}, {"price": 6980, "isBuy": false, "qty": 250}, {"price": 6980, "isBuy": false, "qty": 250}, {"price": 7043, "isBuy": false, "qty": 215}, {"price": 7043, "isBuy": false, "qty": 215}, {"price": 7154, "isBuy": false, "qty": 244}], "bids": [{"price": 6678, "isBuy": true, "qty": 32}, {"price": 6678, "isBuy": true, "qty": 215}, {"price": 6678, "isBuy": true, "qty": 156}, {"price": 6678, "isBuy": true, "qty": 250}, {"price": 6678, "isBuy": true, "qty": 102}, {"price": 6678, "isBuy": true, "qty": 102}, {"price": 6678, "isBuy": true, "qty": 102}, {"price": 6274, "isBuy": true, "qty": 398}, {"price": 6243, "isBuy": true, "qty": 398}, {"price": 6212, "isBuy": true, "qty": 398}], "symbol": "KSCM", "venue": "EDBEX", "ts": "2016-04-14T23:14:15.712861687Z"}, {"ok": true, "asks": [{"price": 6711, "isBuy": false, "qty": 102}, {"price": 6744, "isBuy": false, "qty": 102}, {"price": 6777, "isBuy": false, "qty": 102}, {"price": 6920, "isBuy": false, "qty": 215}, {"price": 6980, "isBuy": false, "qty": 250}, {"price": 6980, "isBuy": false, "qty": 250}, {"price": 7043, "isBuy": false, "qty": 215}, {"price": 7043, "isBuy": false, "qty": 215}, {"price": 7154, "isBuy": false, "qty": 244}], "bids": [{"price": 6678, "isBuy": true, "qty": 32}, {"price": 6678, "isBuy": true, "qty": 215}, {"price": 6678, "isBuy": true, "qty": 156}, {"price": 6678, "isBuy": true, "qty": 250}, {"price": 6678, "isBuy": true, "qty": 102}, {"price": 6678, "isBuy": true, "qty": 102}, {"price": 6678, "isBuy": true, "qty": 102}, {"price": 6274, "isBuy": true, "qty": 398}, {"price": 6243, "isBuy": true, "qty": 398}, {"price": 6212, "isBuy": true, "qty": 398}], "symbol": "KSCM", "venue": "EDBEX", "ts": "2016-04-14T23:14:15.814693041Z"}, {"ok": true, "asks": [{"price": 6711, "isBuy": false, "qty": 102}, {"price": 6744, "isBuy": false, "qty": 102}, {"price": 6777, "isBuy": false, "qty": 102}, {"price": 6920, "isBuy": false, "qty": 215}, {"price": 6980, "isBuy": false, "qty": 250}, {"price": 6980, "isBuy": false, "qty": 250}, {"price": 7043, "isBuy": false, "qty": 215}, {"price": 7043, "isBuy": false, "qty": 215}, {"price": 7154, "isBuy": false, "qty": 244}], "bids": [{"price": 6678, "isBuy": true, "qty": 32}, {"price": 6678, "isBuy": true, "qty": 215}, {"price": 6678, "isBuy": true, "qty": 156}, {"price": 6678, "isBuy": true, "qty": 250}, {"price": 6678, "isBuy": true, "qty": 102}, {"price": 6678, "isBuy": true, "qty": 102}, {"price": 6678, "isBuy": true, "qty": 102}, {"price": 6274, "isBuy": true, "qty": 398}, {"price": 6243, "isBuy": true, "qty": 398}, {"price": 6212, "isBuy": true, "qty": 398}], "symbol": "KSCM", "venue": "EDBEX", "ts": "2016-04-14T23:14:18.009283017Z"}, {"ok": true, "asks": [{"price": 6711, "isBuy": false, "qty": 102}, {"price": 6744, "isBuy": false, "qty": 102}, {"price": 6777, "isBuy": false, "qty": 102}, {"price": 6912, "isBuy": false, "qty": 215}, {"price": 6920, "isBuy": false, "qty": 215}, {"price": 6980, "isBuy": false, "qty": 250}, {"price": 6980, "isBuy": false, "qty": 250}, {"price": 7043, "isBuy": false, "qty": 215}, {"price": 7043, "isBuy": false, "qty": 215}, {"price": 7154, "isBuy": false, "qty": 244}], "bids": [{"price": 6678, "isBuy": true, "qty": 32}, {"price": 6678, "isBuy": true, "qty": 215}, {"price": 6678, "isBuy": true, "qty": 156}, {"price": 6678, "isBuy": true, "qty": 250}, {"price": 6678, "isBuy": true, "qty": 102}, {"price": 6678, "isBuy": true, "qty": 102}, {"price": 6678, "isBuy": true, "qty": 102}, {"price": 6274, "isBuy": true, "qty": 398}, {"price": 6243, "isBuy": true, "qty": 398}, {"price": 6212, "isBuy": true, "qty": 398}], "symbol": "KSCM", "venue": "EDBEX", "ts": "2016-04-14T23:14:18.508127818Z"}, {"ok": true, "asks": [{"price": 6711, "isBuy": false, "qty": 102}, {"price": 6744, "isBuy": false, "qty": 102}, {"price": 6777, "isBuy": false, "qty": 102}, {"price": 6912, "isBuy": false, "qty": 215}, {"price": 6920, "isBuy": false, "qty": 215}, {"price": 6980, "isBuy": false, "qty": 250}, {"price": 6980, "isBuy": false, "qty": 250}, {"price": 7043, "isBuy": false, "qty": 215}, {"price": 7043, "isBuy": false, "qty": 215}, {"price": 7154, "isBuy": false, "qty": 244}], "bids": [{"price": 6678, "isBuy": true, "qty": 32}, {"price": 6678, "isBuy": true, "qty": 215}, {"price": 6678, "isBuy": true, "qty": 156}, {"price": 6678, "isBuy": true, "qty": 250}, {"price": 6678, "isBuy": true, "qty": 102}, {"price": 6678, "isBuy": true, "qty": 102}, {"price": 6678, "isBuy": true, "qty": 102}, {"price": 6274, "isBuy": true, "qty": 398}, {"price": 6243, "isBuy": true, "qty": 398}, {"price": 6212, "isBuy": true, "qty": 398}], "symbol": "KSCM", "venue": "EDBEX", "ts": "2016-04-14T23:14:18.605705707Z"}, {"ok": true, "asks": [{"price": 6711, "isBuy": false, "qty": 102}, {"price": 6744, "isBuy": false, "qty": 102}, {"price": 6777, "isBuy": false, "qty": 102}, {"price": 6912, "isBuy": false, "qty": 215}, {"price": 6920, "isBuy": false, "qty": 215}, {"price": 6980, "isBuy": false, "qty": 250}, {"price": 6980, "isBuy": false, "qty": 250}, {"price": 7043, "isBuy": false, "qty": 215}, {"price": 7043, "isBuy": false, "qty": 215}, {"price": 7154, "isBuy": false, "qty": 244}], "bids": [{"price": 6678, "isBuy": true, "qty": 32}, {"price": 6678, "isBuy": true, "qty": 215}, {"price": 6678, "isBuy": true, "qty": 156}, {"price": 6678, "isBuy": true, "qty": 250}, {"price": 6678, "isBuy": true, "qty": 102}, {"price": 6678, "isBuy": true, "qty": 102}, {"price": 6678, "isBuy": true, "qty": 102}, {"price": 6274, "isBuy": true, "qty": 398}, {"price": 6243, "isBuy": true, "qty": 398}, {"price": 6212, "isBuy": true, "qty": 398}], "symbol": "KSCM", "venue": "EDBEX", "ts": "2016-04-14T23:14:18.709711512Z"}, {"ok": true, "asks": [{"price": 6711, "isBuy": false, "qty": 102}, {"price": 6744, "isBuy": false, "qty": 102}, {"price": 6777, "isBuy": false, "qty": 102}, {"price": 6912, "isBuy": false, "qty": 215}, {"price": 6920, "isBuy": false, "qty": 215}, {"price": 6980, "isBuy": false, "qty": 250}, {"price": 6980, "isBuy": false, "qty": 250}, {"price": 7043, "isBuy": false, "qty": 215}, {"price": 7043, "isBuy": false, "qty": 215}, {"price": 7154, "isBuy": false, "qty": 244}], "bids": [{"price": 6678, "isBuy": true, "qty": 32}, {"price": 6678, "isBuy": true, "qty": 215}, {"price": 6678, "isBuy": true, "qty": 156}, {"price": 6678, "isBuy": true, "qty": 250}, {"price": 6678, "isBuy": true, "qty": 102}, {"price": 6678, "isBuy": true, "qty": 102}, {"price": 6678, "isBuy": true, "qty": 102}, {"price": 6274, "isBuy": true, "qty": 398}, {"price": 6243, "isBuy": true, "qty": 398}, {"price": 6212, "isBuy": true, "qty": 398}], "symbol": "KSCM", "venue": "EDBEX", "ts": "2016-04-14T23:14:18.805610293Z"}, {"ok": true, "asks": [{"price": 6711, "isBuy": false, "qty": 102}, {"price": 6744, "isBuy": false, "qty": 102}, {"price": 6777, "isBuy": false, "qty": 102}, {"price": 6912, "isBuy": false, "qty": 215}, {"price": 6920, "isBuy": false, "qty": 215}, {"price": 6980, "isBuy": false, "qty": 250}, {"price": 6980, "isBuy": false, "qty": 250}, {"price": 7043, "isBuy": false, "qty": 215}, {"price": 7043, "isBuy": false, "qty": 215}, {"price": 7154, "isBuy": false, "qty": 244}], "bids": [{"price": 6678, "isBuy": true, "qty": 32}, {"price": 6678, "isBuy": true, "qty": 215}, {"price": 6678, "isBuy": true, "qty": 156}, {"price": 6678, "isBuy": true, "qty": 250}, {"price": 6678, "isBuy": true, "qty": 102}, {"price": 6678, "isBuy": true, "qty": 102}, {"price": 6678, "isBuy": true, "qty": 102}, {"price": 6274, "isBuy": true, "qty": 398}, {"price": 6243, "isBuy": true, "qty": 398}, {"price": 6212, "isBuy": true, "qty": 398}], "symbol": "KSCM", "venue": "EDBEX", "ts": "2016-04-14T23:14:18.902598104Z"}, {"ok": true, "asks": [{"price": 6711, "isBuy": false, "qty": 102}, {"price": 6744, "isBuy": false, "qty": 102}, {"price": 6777, "isBuy": false, "qty": 102}, {"price": 6912, "isBuy": false, "qty": 215}, {"price": 6920, "isBuy": false, "qty": 215}, {"price": 6980, "isBuy": false, "qty": 250}, {"price": 6980, "isBuy": false, "qty": 250}, {"price": 7043, "isBuy": false, "qty": 215}, {"price": 7043, "isBuy": false, "qty": 215}, {"price": 7154, "isBuy": false, "qty": 244}], "bids": [{"price": 6678, "isBuy": true, "qty": 32}, {"price": 6678, "isBuy": true, "qty": 215}, {"price": 6678, "isBuy": true, "qty": 156}, {"price": 6678, "isBuy": true, "qty": 250}, {"price": 6678, "isBuy": true, "qty": 102}, {"price": 6678, "isBuy": true, "qty": 102}, {"price": 6678, "isBuy": true, "qty": 102}, {"price": 6274, "isBuy": true, "qty": 398}, {"price": 6243, "isBuy": true, "qty": 398}, {"price": 6212, "isBuy": true, "qty": 398}], "symbol": "KSCM", "venue": "EDBEX", "ts": "2016-04-14T23:14:18.996006266Z"}, {"ok": true, "asks": [{"price": 6711, "isBuy": false, "qty": 102}, {"price": 6744, "isBuy": false, "qty": 102}, {"price": 6777, "isBuy": false, "qty": 102}, {"price": 6912, "isBuy": false, "qty": 215}, {"price": 6920, "isBuy": false, "qty": 215}, {"price": 6980, "isBuy": false, "qty": 250}, {"price": 6980, "isBuy": false, "qty": 250}, {"price": 7043, "isBuy": false, "qty": 215}, {"price": 7043, "isBuy": false, "qty": 215}, {"price": 7154, "isBuy": false, "qty": 244}], "bids": [{"price": 6678, "isBuy": true, "qty": 32}, {"price": 6678, "isBuy": true, "qty": 215}, {"price": 6678, "isBuy": true, "qty": 156}, {"price": 6678, "isBuy": true, "qty": 250}, {"price": 6678, "isBuy": true, "qty": 102}, {"price": 6678, "isBuy": true, "qty": 102}, {"price": 6678, "isBuy": true, "qty": 102}, {"price": 6274, "isBuy": true, "qty": 398}, {"price": 6243, "isBuy": true, "qty": 398}, {"price": 6212, "isBuy": true, "qty": 398}], "symbol": "KSCM", "venue": "EDBEX", "ts": "2016-04-14T23:14:19.091464709Z"}, {"ok": true, "asks": [{"price": 6711, "isBuy": false, "qty": 102}, {"price": 6744, "isBuy": false, "qty": 102}, {"price": 6777, "isBuy": false, "qty": 102}, {"price": 6912, "isBuy": false, "qty": 215}, {"price": 6920, "isBuy": false, "qty": 215}, {"price": 6980, "isBuy": false, "qty": 250}, {"price": 6980, "isBuy": false, "qty": 250}, {"price": 7043, "isBuy": false, "qty": 215}, {"price": 7043, "isBuy": false, "qty": 215}, {"price": 7154, "isBuy": false, "qty": 244}], "bids": [{"price": 6678, "isBuy": true, "qty": 32}, {"price": 6678, "isBuy": true, "qty": 215}, {"price": 6678, "isBuy": true, "qty": 156}, {"price": 6678, "isBuy": true, "qty": 250}, {"price": 6678, "isBuy": true, "qty": 102}, {"price": 6678, "isBuy": true, "qty": 102}, {"price": 6678, "isBuy": true, "qty": 102}, {"price": 6274, "isBuy": true, "qty": 398}, {"price": 6243, "isBuy": true, "qty": 398}, {"price": 6212, "isBuy": true, "qty": 398}], "symbol": "KSCM", "venue": "EDBEX", "ts": "2016-04-14T23:14:19.185354612Z"}, {"ok": true, "asks": [{"price": 6711, "isBuy": false, "qty": 102}, {"price": 6744, "isBuy": false, "qty": 102}, {"price": 6777, "isBuy": false, "qty": 102}, {"price": 6912, "isBuy": false, "qty": 215}, {"price": 6920, "isBuy": false, "qty": 215}, {"price": 6980, "isBuy": false, "qty": 250}, {"price": 6980, "isBuy": false, "qty": 250}, {"price": 7043, "isBuy": false, "qty": 215}, {"price": 7043, "isBuy": false, "qty": 215}, {"price": 7154, "isBuy": false, "qty": 244}], "bids": [{"price": 6678, "isBuy": true, "qty": 32}, {"price": 6678, "isBuy": true, "qty": 215}, {"price": 6678, "isBuy": true, "qty": 156}, {"price": 6678, "isBuy": true, "qty": 250}, {"price": 6678, "isBuy": true, "qty": 102}, {"price": 6678, "isBuy": true, "qty": 102}, {"price": 6678, "isBuy": true, "qty": 102}, {"price": 6274, "isBuy": true, "qty": 398}, {"price": 6243, "isBuy": true, "qty": 398}, {"price": 6212, "isBuy": true, "qty": 398}], "symbol": "KSCM", "venue": "EDBEX", "ts": "2016-04-14T23:14:19.280034135Z"}, {"ok": true, "asks": [{"price": 6711, "isBuy": false, "qty": 102}, {"price": 6744, "isBuy": false, "qty": 102}, {"price": 6777, "isBuy": false, "qty": 102}, {"price": 6912, "isBuy": false, "qty": 215}, {"price": 6920, "isBuy": false, "qty": 215}, {"price": 6980, "isBuy": false, "qty": 250}, {"price": 6980, "isBuy": false, "qty": 250}, {"price": 7043, "isBuy": false, "qty": 215}, {"price": 7043, "isBuy": false, "qty": 215}, {"price": 7154, "isBuy": false, "qty": 244}], "bids": [{"price": 6678, "isBuy": true, "qty": 32}, {"price": 6678, "isBuy": true, "qty": 215}, {"price": 6678, "isBuy": true, "qty": 156}, {"price": 6678, "isBuy": true, "qty": 250}, {"price": 6678, "isBuy": true, "qty": 102}, {"price": 6678, "isBuy": true, "qty": 102}, {"price": 6678, "isBuy": true, "qty": 102}, {"price": 6274, "isBuy": true, "qty": 398}, {"price": 6243, "isBuy": true, "qty": 398}, {"price": 6212, "isBuy": true, "qty": 398}], "symbol": "KSCM", "venue": "EDBEX", "ts": "2016-04-14T23:14:19.37618995Z"}, {"ok": true, "asks": [{"price": 6711, "isBuy": false, "qty": 102}, {"price": 6744, "isBuy": false, "qty": 102}, {"price": 6777, "isBuy": false, "qty": 102}, {"price": 6912, "isBuy": false, "qty": 215}, {"price": 6920, "isBuy": false, "qty": 215}, {"price": 6980, "isBuy": false, "qty": 250}, {"price": 6980, "isBuy": false, "qty": 250}, {"price": 7043, "isBuy": false, "qty": 215}, {"price": 7043, "isBuy": false, "qty": 215}, {"price": 7154, "isBuy": false, "qty": 244}], "bids": [{"price": 6678, "isBuy": true, "qty": 32}, {"price": 6678, "isBuy": true, "qty": 215}, {"price": 6678, "isBuy": true, "qty": 156}, {"price": 6678, "isBuy": true, "qty": 250}, {"price": 6678, "isBuy": true, "qty": 102}, {"price": 6678, "isBuy": true, "qty": 102}, {"price": 6678, "isBuy": true, "qty": 102}, {"price": 6274, "isBuy": true, "qty": 398}, {"price": 6243, "isBuy": true, "qty": 398}, {"price": 6212, "isBuy": true, "qty": 398}], "symbol": "KSCM", "venue": "EDBEX", "ts": "2016-04-14T23:14:19.471766963Z"}, {"ok": true, "asks": [{"price": 6711, "isBuy": false, "qty": 102}, {"price": 6744, "isBuy": false, "qty": 102}, {"price": 6777, "isBuy": false, "qty": 102}, {"price": 6912, "isBuy": false, "qty": 215}, {"price": 6920, "isBuy": false, "qty": 215}, {"price": 6980, "isBuy": false, "qty": 250}, {"price": 6980, "isBuy": false, "qty": 250}, {"price": 7043, "isBuy": false, "qty": 215}, {"price": 7043, "isBuy": false, "qty": 215}, {"price": 7154, "isBuy": false, "qty": 244}], "bids": [{"price": 6678, "isBuy": true, "qty": 32}, {"price": 6678, "isBuy": true, "qty": 215}, {"price": 6678, "isBuy": true, "qty": 156}, {"price": 6678, "isBuy": true, "qty": 250}, {"price": 6678, "isBuy": true, "qty": 102}, {"price": 6678, "isBuy": true, "qty": 102}, {"price": 6678, "isBuy": true, "qty": 102}, {"price": 6274, "isBuy": true, "qty": 398}, {"price": 6243, "isBuy": true, "qty": 398}, {"price": 6212, "isBuy": true, "qty": 398}], "symbol": "KSCM", "venue": "EDBEX", "ts": "2016-04-14T23:14:19.571671769Z"}, {"ok": true, "asks": [{"price": 6711, "isBuy": false, "qty": 102}, {"price": 6744, "isBuy": false, "qty": 102}, {"price": 6777, "isBuy": false, "qty": 102}, {"price": 6912, "isBuy": false, "qty": 215}, {"price": 6920, "isBuy": false, "qty": 215}, {"price": 6980, "isBuy": false, "qty": 250}, {"price": 6980, "isBuy": false, "qty": 250}, {"price": 7043, "isBuy": false, "qty": 215}, {"price": 7043, "isBuy": false, "qty": 215}, {"price": 7154, "isBuy": false, "qty": 244}], "bids": [{"price": 6678, "isBuy": true, "qty": 32}, {"price": 6678, "isBuy": true, "qty": 215}, {"price": 6678, "isBuy": true, "qty": 156}, {"price": 6678, "isBuy": true, "qty": 250}, {"price": 6678, "isBuy": true, "qty": 102}, {"price": 6678, "isBuy": true, "qty": 102}, {"price": 6678, "isBuy": true, "qty": 102}, {"price": 6274, "isBuy": true, "qty": 398}, {"price": 6243, "isBuy": true, "qty": 398}, {"price": 6212, "isBuy": true, "qty": 398}], "symbol": "KSCM", "venue": "EDBEX", "ts": "2016-04-14T23:14:19.667455422Z"}, {"ok": true, "asks": [{"price": 6711, "isBuy": false, "qty": 102}, {"price": 6744, "isBuy": false, "qty": 102}, {"price": 6777, "isBuy": false, "qty": 102}, {"price": 6912, "isBuy": false, "qty": 215}, {"price": 6920, "isBuy": false, "qty": 215}, {"price": 6980, "isBuy": false, "qty": 250}, {"price": 6980, "isBuy": false, "qty": 250}, {"price": 7043, "isBuy": false, "qty": 215}, {"price": 7043, "isBuy": false, "qty": 215}, {"price": 7154, "isBuy": false, "qty": 244}], "bids": [{"price": 6678, "isBuy": true, "qty": 32}, {"price": 6678, "isBuy": true, "qty": 215}, {"price": 6678, "isBuy": true, "qty": 156}, {"price": 6678, "isBuy": true, "qty": 250}, {"price": 6678, "isBuy": true, "qty": 102}, {"price": 6678, "isBuy": true, "qty": 102}, {"price": 6678, "isBuy": true, "qty": 102}, {"price": 6274, "isBuy": true, "qty": 398}, {"price": 6243, "isBuy": true, "qty": 398}, {"price": 6212, "isBuy": true, "qty": 398}], "symbol": "KSCM", "venue": "EDBEX", "ts": "2016-04-14T23:14:19.775850357Z"}, {"ok": true, "asks": [{"price": 6711, "isBuy": false, "qty": 73}, {"price": 6744, "isBuy": false, "qty": 73}, {"price": 6912, "isBuy": false, "qty": 215}, {"price": 6920, "isBuy": false, "qty": 215}, {"price": 6980, "isBuy": false, "qty": 250}, {"price": 6980, "isBuy": false, "qty": 250}, {"price": 7043, "isBuy": false, "qty": 215}, {"price": 7043, "isBuy": false, "qty": 215}, {"price": 7154, "isBuy": false, "qty": 244}], "bids": [{"price": 6678, "isBuy": true, "qty": 127}, {"price": 6678, "isBuy": true, "qty": 156}, {"price": 6678, "isBuy": true, "qty": 250}, {"price": 6678, "isBuy": true, "qty": 102}, {"price": 6678, "isBuy": true, "qty": 102}, {"price": 6678, "isBuy": true, "qty": 102}, {"price": 6512, "isBuy": true, "qty": 427}, {"price": 6480, "isBuy": true, "qty": 427}, {"price": 6448, "isBuy": true, "qty": 427}], "symbol": "KSCM", "venue": "EDBEX", "ts": "2016-04-14T23:14:21.981063525Z"}, {"ok": true, "asks": [{"price": 6711, "isBuy": false, "qty": 73}, {"price": 6744, "isBuy": false, "qty": 73}, {"price": 6912, "isBuy": false, "qty": 215}, {"price": 6912, "isBuy": false, "qty": 156}, {"price": 6920, "isBuy": false, "qty": 215}, {"price": 6980, "isBuy": false, "qty": 250}, {"price": 6980, "isBuy": false, "qty": 250}, {"price": 7043, "isBuy": false, "qty": 215}, {"price": 7043, "isBuy": false, "qty": 215}, {"price": 7154, "isBuy": false, "qty": 244}], "bids": [{"price": 6678, "isBuy": true, "qty": 127}, {"price": 6678, "isBuy": true, "qty": 156}, {"price": 6678, "isBuy": true, "qty": 250}, {"price": 6678, "isBuy": true, "qty": 102}, {"price": 6678, "isBuy": true, "qty": 102}, {"price": 6678, "isBuy": true, "qty": 102}, {"price": 6512, "isBuy": true, "qty": 427}, {"price": 6480, "isBuy": true, "qty": 427}, {"price": 6448, "isBuy": true, "qty": 427}], "symbol": "KSCM", "venue": "EDBEX", "ts": "2016-04-14T23:14:22.457991565Z"}, {"ok": true, "asks": [{"price": 6711, "isBuy": false, "qty": 73}, {"price": 6744, "isBuy": false, "qty": 73}, {"price": 6912, "isBuy": false, "qty": 215}, {"price": 6912, "isBuy": false, "qty": 156}, {"price": 6920, "isBuy": false, "qty": 215}, {"price": 6980, "isBuy": false, "qty": 250}, {"price": 6980, "isBuy": false, "qty": 250}, {"price": 7043, "isBuy": false, "qty": 215}, {"price": 7043, "isBuy": false, "qty": 215}, {"price": 7154, "isBuy": false, "qty": 244}], "bids": [{"price": 6678, "isBuy": true, "qty": 127}, {"price": 6678, "isBuy": true, "qty": 156}, {"price": 6678, "isBuy": true, "qty": 250}, {"price": 6678, "isBuy": true, "qty": 102}, {"price": 6678, "isBuy": true, "qty": 102}, {"price": 6678, "isBuy": true, "qty": 102}, {"price": 6512, "isBuy": true, "qty": 427}, {"price": 6480, "isBuy": true, "qty": 427}, {"price": 6448, "isBuy": true, "qty": 427}], "symbol": "KSCM", "venue": "EDBEX", "ts": "2016-04-14T23:14:22.562246614Z"}, {"ok": true, "asks": [{"price": 6711, "isBuy": false, "qty": 73}, {"price": 6744, "isBuy": false, "qty": 73}, {"price": 6912, "isBuy": false, "qty": 215}, {"price": 6912, "isBuy": false, "qty": 156}, {"price": 6920, "isBuy": false, "qty": 215}, {"price": 6980, "isBuy": false, "qty": 250}, {"price": 6980, "isBuy": false, "qty": 250}, {"price": 7043, "isBuy": false, "qty": 215}, {"price": 7043, "isBuy": false, "qty": 215}, {"price": 7154, "isBuy": false, "qty": 244}], "bids": [{"price": 6678, "isBuy": true, "qty": 127}, {"price": 6678, "isBuy": true, "qty": 156}, {"price": 6678, "isBuy": true, "qty": 250}, {"price": 6678, "isBuy": true, "qty": 102}, {"price": 6678, "isBuy": true, "qty": 102}, {"price": 6678, "isBuy": true, "qty": 102}, {"price": 6512, "isBuy": true, "qty": 427}, {"price": 6480, "isBuy": true, "qty": 427}, {"price": 6448, "isBuy": true, "qty": 427}], "symbol": "KSCM", "venue": "EDBEX", "ts": "2016-04-14T23:14:22.668055586Z"}, {"ok": true, "asks": [{"price": 6711, "isBuy": false, "qty": 73}, {"price": 6744, "isBuy": false, "qty": 73}, {"price": 6912, "isBuy": false, "qty": 215}, {"price": 6912, "isBuy": false, "qty": 156}, {"price": 6920, "isBuy": false, "qty": 215}, {"price": 6980, "isBuy": false, "qty": 250}, {"price": 6980, "isBuy": false, "qty": 250}, {"price": 7043, "isBuy": false, "qty": 215}, {"price": 7043, "isBuy": false, "qty": 215}, {"price": 7154, "isBuy": false, "qty": 244}], "bids": [{"price": 6678, "isBuy": true, "qty": 127}, {"price": 6678, "isBuy": true, "qty": 156}, {"price": 6678, "isBuy": true, "qty": 250}, {"price": 6678, "isBuy": true, "qty": 102}, {"price": 6678, "isBuy": true, "qty": 102}, {"price": 6678, "isBuy": true, "qty": 102}, {"price": 6512, "isBuy": true, "qty": 427}, {"price": 6480, "isBuy": true, "qty": 427}, {"price": 6448, "isBuy": true, "qty": 427}], "symbol": "KSCM", "venue": "EDBEX", "ts": "2016-04-14T23:14:22.76014333Z"}, {"ok": true, "asks": [{"price": 6711, "isBuy": false, "qty": 73}, {"price": 6744, "isBuy": false, "qty": 73}, {"price": 6912, "isBuy": false, "qty": 215}, {"price": 6912, "isBuy": false, "qty": 156}, {"price": 6920, "isBuy": false, "qty": 215}, {"price": 6980, "isBuy": false, "qty": 250}, {"price": 6980, "isBuy": false, "qty": 250}, {"price": 7043, "isBuy": false, "qty": 215}, {"price": 7043, "isBuy": false, "qty": 215}, {"price": 7154, "isBuy": false, "qty": 244}], "bids": [{"price": 6678, "isBuy": true, "qty": 127}, {"price": 6678, "isBuy": true, "qty": 156}, {"price": 6678, "isBuy": true, "qty": 250}, {"price": 6678, "isBuy": true, "qty": 102}, {"price": 6678, "isBuy": true, "qty": 102}, {"price": 6678, "isBuy": true, "qty": 102}, {"price": 6512, "isBuy": true, "qty": 427}, {"price": 6480, "isBuy": true, "qty": 427}, {"price": 6448, "isBuy": true, "qty": 427}], "symbol": "KSCM", "venue": "EDBEX", "ts": "2016-04-14T23:14:22.862221769Z"}, {"ok": true, "asks": [{"price": 6711, "isBuy": false, "qty": 73}, {"price": 6744, "isBuy": false, "qty": 73}, {"price": 6912, "isBuy": false, "qty": 215}, {"price": 6912, "isBuy": false, "qty": 156}, {"price": 6920, "isBuy": false, "qty": 215}, {"price": 6980, "isBuy": false, "qty": 250}, {"price": 6980, "isBuy": false, "qty": 250}, {"price": 7043, "isBuy": false, "qty": 215}, {"price": 7043, "isBuy": false, "qty": 215}, {"price": 7154, "isBuy": false, "qty": 244}], "bids": [{"price": 6678, "isBuy": true, "qty": 127}, {"price": 6678, "isBuy": true, "qty": 156}, {"price": 6678, "isBuy": true, "qty": 250}, {"price": 6678, "isBuy": true, "qty": 102}, {"price": 6678, "isBuy": true, "qty": 102}, {"price": 6678, "isBuy": true, "qty": 102}, {"price": 6512, "isBuy": true, "qty": 427}, {"price": 6480, "isBuy": true, "qty": 427}, {"price": 6448, "isBuy": true, "qty": 427}], "symbol": "KSCM", "venue": "EDBEX", "ts": "2016-04-14T23:14:22.970343907Z"}, {"ok": true, "asks": [{"price": 6711, "isBuy": false, "qty": 73}, {"price": 6744, "isBuy": false, "qty": 73}, {"price": 6912, "isBuy": false, "qty": 215}, {"price": 6912, "isBuy": false, "qty": 156}, {"price": 6920, "isBuy": false, "qty": 215}, {"price": 6980, "isBuy": false, "qty": 250}, {"price": 6980, "isBuy": false, "qty": 250}, {"price": 7043, "isBuy": false, "qty": 215}, {"price": 7043, "isBuy": false, "qty": 215}, {"price": 7154, "isBuy": false, "qty": 244}], "bids": [{"price": 6678, "isBuy": true, "qty": 127}, {"price": 6678, "isBuy": true, "qty": 156}, {"price": 6678, "isBuy": true, "qty": 250}, {"price": 6678, "isBuy": true, "qty": 102}, {"price": 6678, "isBuy": true, "qty": 102}, {"price": 6678, "isBuy": true, "qty": 102}, {"price": 6512, "isBuy": true, "qty": 427}, {"price": 6480, "isBuy": true, "qty": 427}, {"price": 6448, "isBuy": true, "qty": 427}], "symbol": "KSCM", "venue": "EDBEX", "ts": "2016-04-14T23:14:23.062982413Z"}, {"ok": true, "asks": [{"price": 6711, "isBuy": false, "qty": 73}, {"price": 6744, "isBuy": false, "qty": 73}, {"price": 6912, "isBuy": false, "qty": 215}, {"price": 6912, "isBuy": false, "qty": 156}, {"price": 6920, "isBuy": false, "qty": 215}, {"price": 6980, "isBuy": false, "qty": 250}, {"price": 6980, "isBuy": false, "qty": 250}, {"price": 7043, "isBuy": false, "qty": 215}, {"price": 7043, "isBuy": false, "qty": 215}, {"price": 7154, "isBuy": false, "qty": 244}], "bids": [{"price": 6678, "isBuy": true, "qty": 127}, {"price": 6678, "isBuy": true, "qty": 156}, {"price": 6678, "isBuy": true, "qty": 250}, {"price": 6678, "isBuy": true, "qty": 102}, {"price": 6678, "isBuy": true, "qty": 102}, {"price": 6678, "isBuy": true, "qty": 102}, {"price": 6512, "isBuy": true, "qty": 427}, {"price": 6480, "isBuy": true, "qty": 427}, {"price": 6448, "isBuy": true, "qty": 427}], "symbol": "KSCM", "venue": "EDBEX", "ts": "2016-04-14T23:14:23.160072102Z"}, {"ok": true, "asks": [{"price": 6711, "isBuy": false, "qty": 73}, {"price": 6744, "isBuy": false, "qty": 73}, {"price": 6912, "isBuy": false, "qty": 215}, {"price": 6912, "isBuy": false, "qty": 156}, {"price": 6920, "isBuy": false, "qty": 215}, {"price": 6980, "isBuy": false, "qty": 250}, {"price": 6980, "isBuy": false, "qty": 250}, {"price": 7043, "isBuy": false, "qty": 215}, {"price": 7043, "isBuy": false, "qty": 215}, {"price": 7154, "isBuy": false, "qty": 244}], "bids": [{"price": 6678, "isBuy": true, "qty": 127}, {"price": 6678, "isBuy": true, "qty": 156}, {"price": 6678, "isBuy": true, "qty": 250}, {"price": 6678, "isBuy": true, "qty": 102}, {"price": 6678, "isBuy": true, "qty": 102}, {"price": 6678, "isBuy": true, "qty": 102}, {"price": 6512, "isBuy": true, "qty": 427}, {"price": 6480, "isBuy": true, "qty": 427}, {"price": 6448, "isBuy": true, "qty": 427}], "symbol": "KSCM", "venue": "EDBEX", "ts": "2016-04-14T23:14:23.270745135Z"}, {"ok": true, "asks": [{"price": 6711, "isBuy": false, "qty": 73}, {"price": 6744, "isBuy": false, "qty": 73}, {"price": 6912, "isBuy": false, "qty": 215}, {"price": 6912, "isBuy": false, "qty": 156}, {"price": 6920, "isBuy": false, "qty": 215}, {"price": 6980, "isBuy": false, "qty": 250}, {"price": 6980, "isBuy": false, "qty": 250}, {"price": 7043, "isBuy": false, "qty": 215}, {"price": 7043, "isBuy": false, "qty": 215}, {"price": 7154, "isBuy": false, "qty": 244}], "bids": [{"price": 6678, "isBuy": true, "qty": 127}, {"price": 6678, "isBuy": true, "qty": 156}, {"price": 6678, "isBuy": true, "qty": 250}, {"price": 6678, "isBuy": true, "qty": 102}, {"price": 6678, "isBuy": true, "qty": 102}, {"price": 6678, "isBuy": true, "qty": 102}, {"price": 6512, "isBuy": true, "qty": 427}, {"price": 6480, "isBuy": true, "qty": 427}, {"price": 6448, "isBuy": true, "qty": 427}], "symbol": "KSCM", "venue": "EDBEX", "ts": "2016-04-14T23:14:23.365880172Z"}, {"ok": true, "asks": [{"price": 6711, "isBuy": false, "qty": 73}, {"price": 6744, "isBuy": false, "qty": 73}, {"price": 6912, "isBuy": false, "qty": 215}, {"price": 6912, "isBuy": false, "qty": 156}, {"price": 6920, "isBuy": false, "qty": 215}, {"price": 6980, "isBuy": false, "qty": 250}, {"price": 6980, "isBuy": false, "qty": 250}, {"price": 7043, "isBuy": false, "qty": 215}, {"price": 7043, "isBuy": false, "qty": 215}, {"price": 7154, "isBuy": false, "qty": 244}], "bids": [{"price": 6678, "isBuy": true, "qty": 127}, {"price": 6678, "isBuy": true, "qty": 156}, {"price": 6678, "isBuy": true, "qty": 250}, {"price": 6678, "isBuy": true, "qty": 102}, {"price": 6678, "isBuy": true, "qty": 102}, {"price": 6678, "isBuy": true, "qty": 102}, {"price": 6512, "isBuy": true, "qty": 427}, {"price": 6480, "isBuy": true, "qty": 427}, {"price": 6448, "isBuy": true, "qty": 427}], "symbol": "KSCM", "venue": "EDBEX", "ts": "2016-04-14T23:14:23.493854525Z"}, {"ok": true, "asks": [{"price": 6711, "isBuy": false, "qty": 73}, {"price": 6744, "isBuy": false, "qty": 73}, {"price": 6912, "isBuy": false, "qty": 215}, {"price": 6912, "isBuy": false, "qty": 156}, {"price": 6920, "isBuy": false, "qty": 215}, {"price": 6980, "isBuy": false, "qty": 250}, {"price": 6980, "isBuy": false, "qty": 250}, {"price": 7043, "isBuy": false, "qty": 215}, {"price": 7043, "isBuy": false, "qty": 215}, {"price": 7154, "isBuy": false, "qty": 244}], "bids": [{"price": 6678, "isBuy": true, "qty": 127}, {"price": 6678, "isBuy": true, "qty": 156}, {"price": 6678, "isBuy": true, "qty": 250}, {"price": 6678, "isBuy": true, "qty": 102}, {"price": 6678, "isBuy": true, "qty": 102}, {"price": 6678, "isBuy": true, "qty": 102}, {"price": 6512, "isBuy": true, "qty": 427}, {"price": 6480, "isBuy": true, "qty": 427}, {"price": 6448, "isBuy": true, "qty": 427}], "symbol": "KSCM", "venue": "EDBEX", "ts": "2016-04-14T23:14:23.588341133Z"}, {"ok": true, "asks": [{"price": 6711, "isBuy": false, "qty": 73}, {"price": 6744, "isBuy": false, "qty": 73}, {"price": 6912, "isBuy": false, "qty": 215}, {"price": 6912, "isBuy": false, "qty": 156}, {"price": 6920, "isBuy": false, "qty": 215}, {"price": 6980, "isBuy": false, "qty": 250}, {"price": 6980, "isBuy": false, "qty": 250}, {"price": 7043, "isBuy": false, "qty": 215}, {"price": 7043, "isBuy": false, "qty": 215}, {"price": 7154, "isBuy": false, "qty": 244}], "bids": [{"price": 6678, "isBuy": true, "qty": 127}, {"price": 6678, "isBuy": true, "qty": 156}, {"price": 6678, "isBuy": true, "qty": 250}, {"price": 6678, "isBuy": true, "qty": 102}, {"price": 6678, "isBuy": true, "qty": 102}, {"price": 6678, "isBuy": true, "qty": 102}, {"price": 6512, "isBuy": true, "qty": 427}, {"price": 6480, "isBuy": true, "qty": 427}, {"price": 6448, "isBuy": true, "qty": 427}], "symbol": "KSCM", "venue": "EDBEX", "ts": "2016-04-14T23:14:23.68424708Z"}, {"ok": true, "asks": [{"price": 6711, "isBuy": false, "qty": 73}, {"price": 6744, "isBuy": false, "qty": 73}, {"price": 6912, "isBuy": false, "qty": 215}, {"price": 6912, "isBuy": false, "qty": 156}, {"price": 6920, "isBuy": false, "qty": 215}, {"price": 6980, "isBuy": false, "qty": 250}, {"price": 6980, "isBuy": false, "qty": 250}, {"price": 7043, "isBuy": false, "qty": 215}, {"price": 7043, "isBuy": false, "qty": 215}, {"price": 7154, "isBuy": false, "qty": 244}], "bids": [{"price": 6678, "isBuy": true, "qty": 127}, {"price": 6678, "isBuy": true, "qty": 156}, {"price": 6678, "isBuy": true, "qty": 250}, {"price": 6678, "isBuy": true, "qty": 102}, {"price": 6678, "isBuy": true, "qty": 102}, {"price": 6678, "isBuy": true, "qty": 102}, {"price": 6512, "isBuy": true, "qty": 427}, {"price": 6480, "isBuy": true, "qty": 427}, {"price": 6448, "isBuy": true, "qty": 427}], "symbol": "KSCM", "venue": "EDBEX", "ts": "2016-04-14T23:14:23.797957751Z"}, {"ok": true, "asks": [{"price": 6811, "isBuy": false, "qty": 58}, {"price": 6844, "isBuy": false, "qty": 58}, {"price": 6877, "isBuy": false, "qty": 58}, {"price": 6912, "isBuy": false, "qty": 215}, {"price": 6912, "isBuy": false, "qty": 156}, {"price": 6920, "isBuy": false, "qty": 215}, {"price": 6980, "isBuy": false, "qty": 250}, {"price": 6980, "isBuy": false, "qty": 250}, {"price": 7043, "isBuy": false, "qty": 215}, {"price": 7043, "isBuy": false, "qty": 215}, {"price": 7154, "isBuy": false, "qty": 244}], "bids": [{"price": 6745, "isBuy": true, "qty": 441}, {"price": 6712, "isBuy": true, "qty": 441}, {"price": 6679, "isBuy": true, "qty": 441}, {"price": 6678, "isBuy": true, "qty": 127}, {"price": 6678, "isBuy": true, "qty": 156}, {"price": 6678, "isBuy": true, "qty": 250}, {"price": 6678, "isBuy": true, "qty": 102}, {"price": 6678, "isBuy": true, "qty": 102}, {"price": 6678, "isBuy": true, "qty": 102}], "symbol": "KSCM", "venue": "EDBEX", "ts": "2016-04-14T23:14:26.018588599Z"}, {"ok": true, "asks": [{"price": 6811, "isBuy": false, "qty": 58}, {"price": 6844, "isBuy": false, "qty": 58}, {"price": 6877, "isBuy": false, "qty": 58}, {"price": 6912, "isBuy": false, "qty": 215}, {"price": 6912, "isBuy": false, "qty": 156}, {"price": 6920, "isBuy": false, "qty": 215}, {"price": 6980, "isBuy": false, "qty": 250}, {"price": 6980, "isBuy": false, "qty": 250}, {"price": 7015, "isBuy": false, "qty": 250}, {"price": 7043, "isBuy": false, "qty": 215}, {"price": 7043, "isBuy": false, "qty": 215}, {"price": 7154, "isBuy": false, "qty": 244}], "bids": [{"price": 6745, "isBuy": true, "qty": 441}, {"price": 6712, "isBuy": true, "qty": 441}, {"price": 6679, "isBuy": true, "qty": 441}, {"price": 6678, "isBuy": true, "qty": 127}, {"price": 6678, "isBuy": true, "qty": 156}, {"price": 6678, "isBuy": true, "qty": 250}, {"price": 6678, "isBuy": true, "qty": 102}, {"price": 6678, "isBuy": true, "qty": 102}, {"price": 6678, "isBuy": true, "qty": 102}], "symbol": "KSCM", "venue": "EDBEX", "ts": "2016-04-14T23:14:26.575131914Z"}, {"ok": true, "asks": [{"price": 6811, "isBuy": false, "qty": 58}, {"price": 6844, "isBuy": false, "qty": 58}, {"price": 6877, "isBuy": false, "qty": 58}, {"price": 6912, "isBuy": false, "qty": 215}, {"price": 6912, "isBuy": false, "qty": 156}, {"price": 6920, "isBuy": false, "qty": 215}, {"price": 6980, "isBuy": false, "qty": 250}, {"price": 6980, "isBuy": false, "qty": 250}, {"price": 7015, "isBuy": false, "qty": 250}, {"price": 7043, "isBuy": false, "qty": 215}, {"price": 7043, "isBuy": false, "qty": 215}, {"price": 7154, "isBuy": false, "qty": 244}], "bids": [{"price": 6745, "isBuy": true, "qty": 441}, {"price": 6712, "isBuy": true, "qty": 441}, {"price": 6679, "isBuy": true, "qty": 441}, {"price": 6678, "isBuy": true, "qty": 127}, {"price": 6678, "isBuy": true, "qty": 156}, {"price": 6678, "isBuy": true, "qty": 250}, {"price": 6678, "isBuy": true, "qty": 102}, {"price": 6678, "isBuy": true, "qty": 102}, {"price": 6678, "isBuy": true, "qty": 102}], "symbol": "KSCM", "venue": "EDBEX", "ts": "2016-04-14T23:14:26.674406018Z"}, {"ok": true, "asks": [{"price": 6811, "isBuy": false, "qty": 58}, {"price": 6844, "isBuy": false, "qty": 58}, {"price": 6877, "isBuy": false, "qty": 58}, {"price": 6912, "isBuy": false, "qty": 215}, {"price": 6912, "isBuy": false, "qty": 156}, {"price": 6920, "isBuy": false, "qty": 215}, {"price": 6980, "isBuy": false, "qty": 250}, {"price": 6980, "isBuy": false, "qty": 250}, {"price": 7015, "isBuy": false, "qty": 250}, {"price": 7043, "isBuy": false, "qty": 215}, {"price": 7043, "isBuy": false, "qty": 215}, {"price": 7154, "isBuy": false, "qty": 244}], "bids": [{"price": 6745, "isBuy": true, "qty": 441}, {"price": 6712, "isBuy": true, "qty": 441}, {"price": 6679, "isBuy": true, "qty": 441}, {"price": 6678, "isBuy": true, "qty": 127}, {"price": 6678, "isBuy": true, "qty": 156}, {"price": 6678, "isBuy": true, "qty": 250}, {"price": 6678, "isBuy": true, "qty": 102}, {"price": 6678, "isBuy": true, "qty": 102}, {"price": 6678, "isBuy": true, "qty": 102}], "symbol": "KSCM", "venue": "EDBEX", "ts": "2016-04-14T23:14:26.787043793Z"}, {"ok": true, "asks": [{"price": 6811, "isBuy": false, "qty": 58}, {"price": 6844, "isBuy": false, "qty": 58}, {"price": 6877, "isBuy": false, "qty": 58}, {"price": 6912, "isBuy": false, "qty": 215}, {"price": 6912, "isBuy": false, "qty": 156}, {"price": 6920, "isBuy": false, "qty": 215}, {"price": 6980, "isBuy": false, "qty": 250}, {"price": 6980, "isBuy": false, "qty": 250}, {"price": 7015, "isBuy": false, "qty": 250}, {"price": 7043, "isBuy": false, "qty": 215}, {"price": 7043, "isBuy": false, "qty": 215}, {"price": 7154, "isBuy": false, "qty": 244}], "bids": [{"price": 6745, "isBuy": true, "qty": 441}, {"price": 6712, "isBuy": true, "qty": 441}, {"price": 6679, "isBuy": true, "qty": 441}, {"price": 6678, "isBuy": true, "qty": 127}, {"price": 6678, "isBuy": true, "qty": 156}, {"price": 6678, "isBuy": true, "qty": 250}, {"price": 6678, "isBuy": true, "qty": 102}, {"price": 6678, "isBuy": true, "qty": 102}, {"price": 6678, "isBuy": true, "qty": 102}], "symbol": "KSCM", "venue": "EDBEX", "ts": "2016-04-14T23:14:26.9035236Z"}, {"ok": true, "asks": [{"price": 6811, "isBuy": false, "qty": 58}, {"price": 6844, "isBuy": false, "qty": 58}, {"price": 6877, "isBuy": false, "qty": 58}, {"price": 6912, "isBuy": false, "qty": 215}, {"price": 6912, "isBuy": false, "qty": 156}, {"price": 6920, "isBuy": false, "qty": 215}, {"price": 6980, "isBuy": false, "qty": 250}, {"price": 6980, "isBuy": false, "qty": 250}, {"price": 7015, "isBuy": false, "qty": 250}, {"price": 7043, "isBuy": false, "qty": 215}, {"price": 7043, "isBuy": false, "qty": 215}, {"price": 7154, "isBuy": false, "qty": 244}], "bids": [{"price": 6745, "isBuy": true, "qty": 441}, {"price": 6712, "isBuy": true, "qty": 441}, {"price": 6679, "isBuy": true, "qty": 441}, {"price": 6678, "isBuy": true, "qty": 127}, {"price": 6678, "isBuy": true, "qty": 156}, {"price": 6678, "isBuy": true, "qty": 250}, {"price": 6678, "isBuy": true, "qty": 102}, {"price": 6678, "isBuy": true, "qty": 102}, {"price": 6678, "isBuy": true, "qty": 102}], "symbol": "KSCM", "venue": "EDBEX", "ts": "2016-04-14T23:14:27.010766171Z"}, {"ok": true, "asks": [{"price": 6811, "isBuy": false, "qty": 58}, {"price": 6844, "isBuy": false, "qty": 58}, {"price": 6877, "isBuy": false, "qty": 58}, {"price": 6912, "isBuy": false, "qty": 215}, {"price": 6912, "isBuy": false, "qty": 156}, {"price": 6920, "isBuy": false, "qty": 215}, {"price": 6980, "isBuy": false, "qty": 250}, {"price": 6980, "isBuy": false, "qty": 250}, {"price": 7015, "isBuy": false, "qty": 250}, {"price": 7043, "isBuy": false, "qty": 215}, {"price": 7043, "isBuy": false, "qty": 215}, {"price": 7154, "isBuy": false, "qty": 244}], "bids": [{"price": 6745, "isBuy": true, "qty": 441}, {"price": 6712, "isBuy": true, "qty": 441}, {"price": 6679, "isBuy": true, "qty": 441}, {"price": 6678, "isBuy": true, "qty": 127}, {"price": 6678, "isBuy": true, "qty": 156}, {"price": 6678, "isBuy": true, "qty": 250}, {"price": 6678, "isBuy": true, "qty": 102}, {"price": 6678, "isBuy": true, "qty": 102}, {"price": 6678, "isBuy": true, "qty": 102}], "symbol": "KSCM", "venue": "EDBEX", "ts": "2016-04-14T23:14:27.130024551Z"}, {"ok": true, "asks": [{"price": 6811, "isBuy": false, "qty": 58}, {"price": 6844, "isBuy": false, "qty": 58}, {"price": 6877, "isBuy": false, "qty": 58}, {"price": 6912, "isBuy": false, "qty": 215}, {"price": 6912, "isBuy": false, "qty": 156}, {"price": 6920, "isBuy": false, "qty": 215}, {"price": 6980, "isBuy": false, "qty": 250}, {"price": 6980, "isBuy": false, "qty": 250}, {"price": 7015, "isBuy": false, "qty": 250}, {"price": 7043, "isBuy": false, "qty": 215}, {"price": 7043, "isBuy": false, "qty": 215}, {"price": 7154, "isBuy": false, "qty": 244}], "bids": [{"price": 6745, "isBuy": true, "qty": 441}, {"price": 6712, "isBuy": true, "qty": 441}, {"price": 6679, "isBuy": true, "qty": 441}, {"price": 6678, "isBuy": true, "qty": 127}, {"price": 6678, "isBuy": true, "qty": 156}, {"price": 6678, "isBuy": true, "qty": 250}, {"price": 6678, "isBuy": true, "qty": 102}, {"price": 6678, "isBuy": true, "qty": 102}, {"price": 6678, "isBuy": true, "qty": 102}], "symbol": "KSCM", "venue": "EDBEX", "ts": "2016-04-14T23:14:27.224092979Z"}, {"ok": true, "asks": [{"price": 6811, "isBuy": false, "qty": 58}, {"price": 6844, "isBuy": false, "qty": 58}, {"price": 6877, "isBuy": false, "qty": 58}, {"price": 6912, "isBuy": false, "qty": 215}, {"price": 6912, "isBuy": false, "qty": 156}, {"price": 6920, "isBuy": false, "qty": 215}, {"price": 6980, "isBuy": false, "qty": 250}, {"price": 6980, "isBuy": false, "qty": 250}, {"price": 7015, "isBuy": false, "qty": 250}, {"price": 7043, "isBuy": false, "qty": 215}, {"price": 7043, "isBuy": false, "qty": 215}, {"price": 7154, "isBuy": false, "qty": 244}], "bids": [{"price": 6745, "isBuy": true, "qty": 441}, {"price": 6712, "isBuy": true, "qty": 441}, {"price": 6679, "isBuy": true, "qty": 441}, {"price": 6678, "isBuy": true, "qty": 127}, {"price": 6678, "isBuy": true, "qty": 156}, {"price": 6678, "isBuy": true, "qty": 250}, {"price": 6678, "isBuy": true, "qty": 102}, {"price": 6678, "isBuy": true, "qty": 102}, {"price": 6678, "isBuy": true, "qty": 102}], "symbol": "KSCM", "venue": "EDBEX", "ts": "2016-04-14T23:14:27.368895269Z"}, {"ok": true, "asks": [{"price": 6811, "isBuy": false, "qty": 58}, {"price": 6844, "isBuy": false, "qty": 58}, {"price": 6877, "isBuy": false, "qty": 58}, {"price": 6912, "isBuy": false, "qty": 215}, {"price": 6912, "isBuy": false, "qty": 156}, {"price": 6920, "isBuy": false, "qty": 215}, {"price": 6980, "isBuy": false, "qty": 250}, {"price": 6980, "isBuy": false, "qty": 250}, {"price": 7015, "isBuy": false, "qty": 250}, {"price": 7043, "isBuy": false, "qty": 215}, {"price": 7043, "isBuy": false, "qty": 215}, {"price": 7154, "isBuy": false, "qty": 244}], "bids": [{"price": 6745, "isBuy": true, "qty": 441}, {"price": 6712, "isBuy": true, "qty": 441}, {"price": 6679, "isBuy": true, "qty": 441}, {"price": 6678, "isBuy": true, "qty": 127}, {"price": 6678, "isBuy": true, "qty": 156}, {"price": 6678, "isBuy": true, "qty": 250}, {"price": 6678, "isBuy": true, "qty": 102}, {"price": 6678, "isBuy": true, "qty": 102}, {"price": 6678, "isBuy": true, "qty": 102}], "symbol": "KSCM", "venue": "EDBEX", "ts": "2016-04-14T23:14:27.471600366Z"}, {"ok": true, "asks": [{"price": 6811, "isBuy": false, "qty": 58}, {"price": 6844, "isBuy": false, "qty": 58}, {"price": 6877, "isBuy": false, "qty": 58}, {"price": 6912, "isBuy": false, "qty": 215}, {"price": 6912, "isBuy": false, "qty": 156}, {"price": 6920, "isBuy": false, "qty": 215}, {"price": 6980, "isBuy": false, "qty": 250}, {"price": 6980, "isBuy": false, "qty": 250}, {"price": 7015, "isBuy": false, "qty": 250}, {"price": 7043, "isBuy": false, "qty": 215}, {"price": 7043, "isBuy": false, "qty": 215}, {"price": 7154, "isBuy": false, "qty": 244}], "bids": [{"price": 6745, "isBuy": true, "qty": 441}, {"price": 6712, "isBuy": true, "qty": 441}, {"price": 6679, "isBuy": true, "qty": 441}, {"price": 6678, "isBuy": true, "qty": 127}, {"price": 6678, "isBuy": true, "qty": 156}, {"price": 6678, "isBuy": true, "qty": 250}, {"price": 6678, "isBuy": true, "qty": 102}, {"price": 6678, "isBuy": true, "qty": 102}, {"price": 6678, "isBuy": true, "qty": 102}], "symbol": "KSCM", "venue": "EDBEX", "ts": "2016-04-14T23:14:27.607837237Z"}, {"ok": true, "asks": [{"price": 6811, "isBuy": false, "qty": 58}, {"price": 6844, "isBuy": false, "qty": 58}, {"price": 6877, "isBuy": false, "qty": 58}, {"price": 6912, "isBuy": false, "qty": 215}, {"price": 6912, "isBuy": false, "qty": 156}, {"price": 6920, "isBuy": false, "qty": 215}, {"price": 6980, "isBuy": false, "qty": 250}, {"price": 6980, "isBuy": false, "qty": 250}, {"price": 7015, "isBuy": false, "qty": 250}, {"price": 7043, "isBuy": false, "qty": 215}, {"price": 7043, "isBuy": false, "qty": 215}, {"price": 7154, "isBuy": false, "qty": 244}], "bids": [{"price": 6745, "isBuy": true, "qty": 441}, {"price": 6712, "isBuy": true, "qty": 441}, {"price": 6679, "isBuy": true, "qty": 441}, {"price": 6678, "isBuy": true, "qty": 127}, {"price": 6678, "isBuy": true, "qty": 156}, {"price": 6678, "isBuy": true, "qty": 250}, {"price": 6678, "isBuy": true, "qty": 102}, {"price": 6678, "isBuy": true, "qty": 102}, {"price": 6678, "isBuy": true, "qty": 102}], "symbol": "KSCM", "venue": "EDBEX", "ts": "2016-04-14T23:14:27.736219939Z"}, {"ok": true, "asks": [{"price": 6811, "isBuy": false, "qty": 58}, {"price": 6844, "isBuy": false, "qty": 58}, {"price": 6877, "isBuy": false, "qty": 58}, {"price": 6912, "isBuy": false, "qty": 215}, {"price": 6912, "isBuy": false, "qty": 156}, {"price": 6920, "isBuy": false, "qty": 215}, {"price": 6980, "isBuy": false, "qty": 250}, {"price": 6980, "isBuy": false, "qty": 250}, {"price": 7015, "isBuy": false, "qty": 250}, {"price": 7043, "isBuy": false, "qty": 215}, {"price": 7043, "isBuy": false, "qty": 215}, {"price": 7154, "isBuy": false, "qty": 244}], "bids": [{"price": 6745, "isBuy": true, "qty": 441}, {"price": 6712, "isBuy": true, "qty": 441}, {"price": 6679, "isBuy": true, "qty": 441}, {"price": 6678, "isBuy": true, "qty": 127}, {"price": 6678, "isBuy": true, "qty": 156}, {"price": 6678, "isBuy": true, "qty": 250}, {"price": 6678, "isBuy": true, "qty": 102}, {"price": 6678, "isBuy": true, "qty": 102}, {"price": 6678, "isBuy": true, "qty": 102}], "symbol": "KSCM", "venue": "EDBEX", "ts": "2016-04-14T23:14:27.83657334Z"}, {"ok": true, "asks": [{"price": 6811, "isBuy": false, "qty": 58}, {"price": 6844, "isBuy": false, "qty": 58}, {"price": 6877, "isBuy": false, "qty": 58}, {"price": 6912, "isBuy": false, "qty": 215}, {"price": 6912, "isBuy": false, "qty": 156}, {"price": 6920, "isBuy": false, "qty": 215}, {"price": 6980, "isBuy": false, "qty": 250}, {"price": 6980, "isBuy": false, "qty": 250}, {"price": 7015, "isBuy": false, "qty": 250}, {"price": 7043, "isBuy": false, "qty": 215}, {"price": 7043, "isBuy": false, "qty": 215}, {"price": 7154, "isBuy": false, "qty": 244}], "bids": [{"price": 6745, "isBuy": true, "qty": 441}, {"price": 6712, "isBuy": true, "qty": 441}, {"price": 6679, "isBuy": true, "qty": 441}, {"price": 6678, "isBuy": true, "qty": 127}, {"price": 6678, "isBuy": true, "qty": 156}, {"price": 6678, "isBuy": true, "qty": 250}, {"price": 6678, "isBuy": true, "qty": 102}, {"price": 6678, "isBuy": true, "qty": 102}, {"price": 6678, "isBuy": true, "qty": 102}], "symbol": "KSCM", "venue": "EDBEX", "ts": "2016-04-14T23:14:27.934287442Z"}, {"ok": true, "asks": [{"price": 6811, "isBuy": false, "qty": 58}, {"price": 6844, "isBuy": false, "qty": 58}