[{"ok": true, "asks": [{"price": 7996, "isBuy": false, "qty": 4951}, {"price": 8035, "isBuy": false, "qty": 4995}, {"price": 8074, "isBuy": false, "qty": 4995}], "bids": [{"price": 7653, "isBuy": true, "qty": 5000}, {"price": 7615, "isBuy": true, "qty": 5000}, {"price": 7577, "isBuy": true, "qty": 5000}], "symbol": "CEEW", "venue": "ZEYMEX", "ts": "2016-04-29T16:59:39.181061123Z"}, {"ok": true, "asks": [{"price": 7954, "isBuy": false, "qty": 500}], "bids": [{"price": 7702, "isBuy": true, "qty": 272}, {"price": 7691, "isBuy": true, "qty": 500}, {"price": 7495, "isBuy": true, "qty": 5169}, {"price": 7458, "isBuy": true, "qty": 5169}, {"price": 7421, "isBuy": true, "qty": 5169}], "symbol": "CEEW", "venue": "ZEYMEX", "ts": "2016-04-29T16:59:43.438745615Z"}, {"ok": true, "asks": [{"price": 7954, "isBuy": false, "qty": 500}], "bids": [{"price": 7702, "isBuy": true, "qty": 272}, {"price": 7691, "isBuy": true, "qty": 500}, {"price": 7495, "isBuy": true, "qty": 5169}, {"price": 7458, "isBuy": true, "qty": 5169}, {"price": 7421, "isBuy": true, "qty": 5169}], "symbol": "CEEW", "venue": "ZEYMEX", "ts": "2016-04-29T16:59:45.210008231Z"}, {"ok": true, "asks": [{"price": 7954, "isBuy": false, "qty": 500}], "bids": [{"price": 7702, "isBuy": true, "qty": 272}, {"price": 7691, "isBuy": true, "qty": 500}, {"price": 7495, "isBuy": true, "qty": 5169}, {"price": 7458, "isBuy": true, "qty": 5169}, {"price": 7421, "isBuy": true, "qty": 5169}], "symbol": "CEEW", "venue": "ZEYMEX", "ts": "2016-04-29T16:59:45.33747658Z"}, {"ok": true, "asks": [{"price": 7811, "isBuy": false, "qty": 4760}, {"price": 7849, "isBuy": false, "qty": 4760}, {"price": 7887, "isBuy": false, "qty": 4760}, {"price": 7954, "isBuy": false, "qty": 291}], "bids": [{"price": 7767, "isBuy": true, "qty": 86}, {"price": 7735, "isBuy": true, "qty": 5170}, {"price": 7697, "isBuy": true, "qty": 5170}, {"price": 7691, "isBuy": true, "qty": 500}, {"price": 7659, "isBuy": true, "qty": 5170}], "symbol": "CEEW", "venue": "ZEYMEX", "ts": "2016-04-29T16:59:46.37785331Z"}, {"ok": true, "asks": [{"price": 7811, "isBuy": false, "qty": 4760}, {"price": 7849, "isBuy": false, "qty": 4760}, {"price": 7887, "isBuy": false, "qty": 4760}, {"price": 7954, "isBuy": false, "qty": 291}], "bids": [{"price": 7767, "isBuy": true, "qty": 86}, {"price": 7735, "isBuy": true, "qty": 5170}, {"price": 7697, "isBuy": true, "qty": 5170}, {"price": 7691, "isBuy": true, "qty": 500}, {"price": 7659, "isBuy": true, "qty": 5170}], "symbol": "CEEW", "venue": "ZEYMEX", "ts": "2016-04-29T16:59:48.556330626Z"}, {"ok": true, "asks": [{"price": 7811, "isBuy": false, "qty": 4760}, {"price": 7849, "isBuy": false, "qty": 4760}, {"price": 7887, "isBuy": false, "qty": 4760}, {"price": 7954, "isBuy": false, "qty": 291}], "bids": [{"price": 7767, "isBuy": true, "qty": 86}, {"price": 7735, "isBuy": true, "qty": 5170}, {"price": 7697, "isBuy": true, "qty": 5170}, {"price": 7691, "isBuy": true, "qty": 500}, {"price": 7659, "isBuy": true, "qty": 5170}], "symbol": "CEEW", "venue": "ZEYMEX", "ts": "2016-04-29T16:59:48.652600622Z"}, {"ok": true, "asks": [{"price": 7811, "isBuy": false, "qty": 4760}, {"price": 7849, "isBuy": false, "qty": 4760}, {"price": 7887, "isBuy": false, "qty": 4760}], "bids": [{"price": 7767, "isBuy": true, "qty": 86}, {"price": 7735, "isBuy": true, "qty": 5170}, {"price": 7697, "isBuy": true, "qty": 5170}, {"price": 7691, "isBuy": true, "qty": 500}, {"price": 7659, "isBuy": true, "qty": 5170}], "symbol": "CEEW", "venue": "ZEYMEX", "ts": "2016-04-29T16:59:48.940327504Z"}, {"ok": true, "asks": [{"price": 7770, "isBuy": false, "qty": 592}, {"price": 7811, "isBuy": false, "qty": 4531}, {"price": 7849, "isBuy": false, "qty": 4760}, {"price": 7887, "isBuy": false, "qty": 4760}], "bids": [{"price": 7735, "isBuy": true, "qty": 5170}, {"price": 7697, "isBuy": true, "qty": 5170}, {"price": 7691, "isBuy": true, "qty": 500}, {"price": 7659, "isBuy": true, "qty": 5170}], "symbol": "CEEW", "venue": "ZEYMEX", "ts": "2016-04-29T16:59:50.146869963Z"}, {"ok": true, "asks": [{"price": 7975, "isBuy": false, "qty": 4724}, {"price": 8014, "isBuy": false, "qty": 4724}, {"price": 8053, "isBuy": false, "qty": 4724}], "bids": [{"price": 7904, "isBuy": true, "qty": 226}, {"price": 7773, "isBuy": true, "qty": 454}, {"price": 7691, "isBuy": true, "qty": 500}], "symbol": "CEEW", "venue": "ZEYMEX", "ts": "2016-04-29T16:59:52.32257813Z"}, {"ok": true, "asks": [{"price": 7975, "isBuy": false, "qty": 4724}, {"price": 8014, "isBuy": false, "qty": 4724}, {"price": 8053, "isBuy": false, "qty": 4724}], "bids": [{"price": 7904, "isBuy": true, "qty": 226}, {"price": 7773, "isBuy": true, "qty": 454}, {"price": 7691, "isBuy": true, "qty": 500}], "symbol": "CEEW", "venue": "ZEYMEX", "ts": "2016-04-29T16:59:52.420004762Z"}, {"ok": true, "asks": [{"price": 7975, "isBuy": false, "qty": 4724}, {"price": 8014, "isBuy": false, "qty": 4724}, {"price": 8053, "isBuy": false, "qty": 4724}], "bids": [{"price": 7773, "isBuy": true, "qty": 384}, {"price": 7691, "isBuy": true, "qty": 500}], "symbol": "CEEW", "venue": "ZEYMEX", "ts": "2016-04-29T16:59:53.213809775Z"}, {"ok": true, "asks": [{"price": 7975, "isBuy": false, "qty": 4724}, {"price": 8014, "isBuy": false, "qty": 4724}, {"price": 8053, "isBuy": false, "qty": 4724}], "bids": [{"price": 7773, "isBuy": true, "qty": 384}, {"price": 7767, "isBuy": true, "qty": 375}, {"price": 7691, "isBuy": true, "qty": 500}], "symbol": "CEEW", "venue": "ZEYMEX", "ts": "2016-04-29T16:59:55.673607808Z"}, {"ok": true, "asks": [{"price": 7975, "isBuy": false, "qty": 4724}, {"price": 8014, "isBuy": false, "qty": 4724}, {"price": 8053, "isBuy": false, "qty": 4724}], "bids": [{"price": 7773, "isBuy": true, "qty": 384}, {"price": 7767, "isBuy": true, "qty": 375}, {"price": 7691, "isBuy": true, "qty": 500}], "symbol": "CEEW", "venue": "ZEYMEX", "ts": "2016-04-29T16:59:55.806306471Z"}, {"ok": true, "asks": null, "bids": [{"price": 7767, "isBuy": true, "qty": 113}, {"price": 7691, "isBuy": true, "qty": 500}, {"price": 7193, "isBuy": true, "qty": 58}], "symbol": "CEEW", "venue": "ZEYMEX", "ts": "2016-04-29T16:59:56.037633883Z"}, {"ok": true, "asks": [{"price": 7805, "isBuy": false, "qty": 4658}, {"price": 7843, "isBuy": false, "qty": 4658}, {"price": 7881, "isBuy": false, "qty": 4658}, {"price": 7933, "isBuy": false, "qty": 183}], "bids": [{"price": 7691, "isBuy": true, "qty": 500}, {"price": 7265, "isBuy": true, "qty": 5283}, {"price": 7229, "isBuy": true, "qty": 5283}, {"price": 7193, "isBuy": true, "qty": 5283}], "symbol": "CEEW", "venue": "ZEYMEX", "ts": "2016-04-29T16:59:56.989997303Z"}, {"ok": true, "asks": [{"price": 7764, "isBuy": false, "qty": 222}, {"price": 7805, "isBuy": false, "qty": 4658}, {"price": 7843, "isBuy": false, "qty": 4658}, {"price": 7881, "isBuy": false, "qty": 4658}, {"price": 7933, "isBuy": false, "qty": 183}], "bids": [{"price": 7691, "isBuy": true, "qty": 500}, {"price": 7337, "isBuy": true, "qty": 436}, {"price": 7265, "isBuy": true, "qty": 5283}, {"price": 7229, "isBuy": true, "qty": 5283}, {"price": 7193, "isBuy": true, "qty": 5283}], "symbol": "CEEW", "venue": "ZEYMEX", "ts": "2016-04-29T16:59:59.39764071Z"}, {"ok": true, "asks": [{"price": 7764, "isBuy": false, "qty": 222}, {"price": 7805, "isBuy": false, "qty": 4658}, {"price": 7843, "isBuy": false, "qty": 4658}, {"price": 7881, "isBuy": false, "qty": 4658}], "bids": [{"price": 7691, "isBuy": true, "qty": 500}, {"price": 7337, "isBuy": true, "qty": 436}, {"price": 7265, "isBuy": true, "qty": 5283}, {"price": 7229, "isBuy": true, "qty": 5283}, {"price": 7193, "isBuy": true, "qty": 5283}], "symbol": "CEEW", "venue": "ZEYMEX", "ts": "2016-04-29T16:59:59.880476114Z"}, {"ok": true, "asks": [{"price": 7764, "isBuy": false, "qty": 222}, {"price": 7805, "isBuy": false, "qty": 4658}, {"price": 7843, "isBuy": false, "qty": 4658}, {"price": 7881, "isBuy": false, "qty": 4658}], "bids": [{"price": 7691, "isBuy": true, "qty": 500}, {"price": 7337, "isBuy": true, "qty": 436}, {"price": 7265, "isBuy": true, "qty": 5283}, {"price": 7229, "isBuy": true, "qty": 5283}, {"price": 7193, "isBuy": true, "qty": 5283}], "symbol": "CEEW", "venue": "ZEYMEX", "ts": "2016-04-29T16:59:59.8982861Z"}, {"ok": true, "asks": [{"price": 7764, "isBuy": false, "qty": 222}, {"price": 7805, "isBuy": false, "qty": 4658}, {"price": 7843, "isBuy": false, "qty": 4658}, {"price": 7881, "isBuy": false, "qty": 4658}], "bids": [{"price": 7691, "isBuy": true, "qty": 500}, {"price": 7337, "isBuy": true, "qty": 436}, {"price": 7265, "isBuy": true, "qty": 5283}, {"price": 7229, "isBuy": true, "qty": 5283}, {"price": 7193, "isBuy": true, "qty": 5283}], "symbol": "CEEW", "venue": "ZEYMEX", "ts": "2016-04-29T16:59:59.97860045Z"}, {"ok": true, "asks": [{"price": 7764, "isBuy": false, "qty": 222}, {"price": 7805, "isBuy": false, "qty": 4658}, {"price": 7843, "isBuy": false, "qty": 4658}, {"price": 7881, "isBuy": false, "qty": 4658}], "bids": [{"price": 7691, "isBuy": true, "qty": 500}, {"price": 7337, "isBuy": true, "qty": 436}, {"price": 7265, "isBuy": true, "qty": 5283}, {"price": 7229, "isBuy": true, "qty": 5283}, {"price": 7193, "isBuy": true, "qty": 5283}], "symbol": "CEEW", "venue": "ZEYMEX", "ts": "2016-04-29T17:00:00.1084379Z"}, {"ok": true, "asks": [{"price": 4454, "isBuy": false, "qty": 119524}, {"price": 7493, "isBuy": false, "qty": 4587}, {"price": 7530, "isBuy": false, "qty": 4587}, {"price": 7567, "isBuy": false, "qty": 4587}, {"price": 7726, "isBuy": false, "qty": 999}], "bids": null, "symbol": "CEEW", "venue": "ZEYMEX", "ts": "2016-04-29T17:00:02.928583232Z"}, {"ok": true, "asks": [{"price": 4454, "isBuy": false, "qty": 119524}, {"price": 7493, "isBuy": false, "qty": 4587}, {"price": 7530, "isBuy": false, "qty": 4587}, {"price": 7567, "isBuy": false, "qty": 4587}, {"price": 7726, "isBuy": false, "qty": 999}], "bids": null, "symbol": "CEEW", "venue": "ZEYMEX", "ts": "2016-04-29T17:00:03.529367396Z"}, {"ok": true, "asks": [{"price": 7354, "isBuy": false, "qty": 6199}, {"price": 7390, "isBuy": false, "qty": 6199}, {"price": 7418, "isBuy": false, "qty": 999}, {"price": 7426, "isBuy": false, "qty": 6199}], "bids": null, "symbol": "CEEW", "venue": "ZEYMEX", "ts": "2016-04-29T17:00:06.397026396Z"}, {"ok": true, "asks": [{"price": 7354, "isBuy": false, "qty": 6199}, {"price": 7390, "isBuy": false, "qty": 6199}, {"price": 7418, "isBuy": false, "qty": 999}, {"price": 7426, "isBuy": false, "qty": 6199}], "bids": null, "symbol": "CEEW", "venue": "ZEYMEX", "ts": "2016-04-29T17:00:12.30617827Z"}, {"ok": true, "asks": [{"price": 7316, "isBuy": false, "qty": 999}, {"price": 7333, "isBuy": false, "qty": 6069}, {"price": 7369, "isBuy": false, "qty": 6069}, {"price": 7405, "isBuy": false, "qty": 6069}], "bids": [{"price": 7261, "isBuy": true, "qty": 3931}, {"price": 7225, "isBuy": true, "qty": 3931}, {"price": 7189, "isBuy": true, "qty": 3931}], "symbol": "CEEW", "venue": "ZEYMEX", "ts": "2016-04-29T17:00:13.624553467Z"}, {"ok": true, "asks": [{"price": 7316, "isBuy": false, "qty": 999}, {"price": 7333, "isBuy": false, "qty": 6069}, {"price": 7369, "isBuy": false, "qty": 6069}, {"price": 7405, "isBuy": false, "qty": 6069}], "bids": [{"price": 7261, "isBuy": true, "qty": 3931}, {"price": 7225, "isBuy": true, "qty": 3931}, {"price": 7189, "isBuy": true, "qty": 3931}], "symbol": "CEEW", "venue": "ZEYMEX", "ts": "2016-04-29T17:00:15.87968427Z"}, {"ok": true, "asks": [{"price": 7259, "isBuy": false, "qty": 999}, {"price": 7743, "isBuy": false, "qty": 6073}, {"price": 7781, "isBuy": false, "qty": 6073}, {"price": 7819, "isBuy": false, "qty": 6073}], "bids": null, "symbol": "CEEW", "venue": "ZEYMEX", "ts": "2016-04-29T17:00:17.087020241Z"}, {"ok": true, "asks": [{"price": 7259, "isBuy": false, "qty": 999}, {"price": 7743, "isBuy": false, "qty": 6073}, {"price": 7781, "isBuy": false, "qty": 6073}, {"price": 7819, "isBuy": false, "qty": 6073}], "bids": null, "symbol": "CEEW", "venue": "ZEYMEX", "ts": "2016-04-29T17:00:19.151981262Z"}, {"ok": true, "asks": [{"price": 7259, "isBuy": false, "qty": 999}, {"price": 7743, "isBuy": false, "qty": 6073}, {"price": 7781, "isBuy": false, "qty": 6073}, {"price": 7819, "isBuy": false, "qty": 6073}], "bids": null, "symbol": "CEEW", "venue": "ZEYMEX", "ts": "2016-04-29T17:00:19.556111441Z"}, {"ok": true, "asks": [{"price": 7782, "isBuy": false, "qty": 6073}, {"price": 7820, "isBuy": false, "qty": 6073}, {"price": 7858, "isBuy": false, "qty": 6073}], "bids": null, "symbol": "CEEW", "venue": "ZEYMEX", "ts": "2016-04-29T17:00:23.054358249Z"}, {"ok": true, "asks": [{"price": 7973, "isBuy": false, "qty": 6101}, {"price": 8012, "isBuy": false, "qty": 6101}, {"price": 8051, "isBuy": false, "qty": 6101}], "bids": [{"price": 7878, "isBuy": true, "qty": 59}], "symbol": "CEEW", "venue": "ZEYMEX", "ts": "2016-04-29T17:00:26.242157138Z"}, {"ok": true, "asks": [{"price": 7973, "isBuy": false, "qty": 6101}, {"price": 8012, "isBuy": false, "qty": 6101}, {"price": 8051, "isBuy": false, "qty": 6101}], "bids": [{"price": 7878, "isBuy": true, "qty": 59}], "symbol": "CEEW", "venue": "ZEYMEX", "ts": "2016-04-29T17:00:29.522696042Z"}, {"ok": true, "asks": [{"price": 7823, "isBuy": false, "qty": 6107}, {"price": 7861, "isBuy": false, "qty": 6107}, {"price": 7899, "isBuy": false, "qty": 6107}], "bids": [{"price": 7747, "isBuy": true, "qty": 3857}, {"price": 7709, "isBuy": true, "qty": 3857}, {"price": 7671, "isBuy": true, "qty": 3857}], "symbol": "CEEW", "venue": "ZEYMEX", "ts": "2016-04-29T17:00:33.07187095Z"}, {"ok": true, "asks": null, "bids": [{"price": 7680, "isBuy": true, "qty": 3795}, {"price": 7642, "isBuy": true, "qty": 3795}, {"price": 7604, "isBuy": true, "qty": 3795}], "symbol": "CEEW", "venue": "ZEYMEX", "ts": "2016-04-29T17:00:36.255395729Z"}, {"ok": true, "asks": null, "bids": [{"price": 7680, "isBuy": true, "qty": 3795}, {"price": 7642, "isBuy": true, "qty": 3795}, {"price": 7604, "isBuy": true, "qty": 3795}], "symbol": "CEEW", "venue": "ZEYMEX", "ts": "2016-04-29T17:00:39.687906127Z"}, {"ok": true, "asks": [{"price": 9884, "isBuy": false, "qty": 4364}, {"price": 9933, "isBuy": false, "qty": 4364}, {"price": 9982, "isBuy": false, "qty": 4364}], "bids": [{"price": 9835, "isBuy": true, "qty": 41261}, {"price": 7956, "isBuy": true, "qty": 5635}, {"price": 7917, "isBuy": true, "qty": 5635}, {"price": 7878, "isBuy": true, "qty": 5635}], "symbol": "CEEW", "venue": "ZEYMEX", "ts": "2016-04-29T17:00:42.926161434Z"}, {"ok": true, "asks": [{"price": 4601, "isBuy": false, "qty": 147753}, {"price": 7950, "isBuy": false, "qty": 6055}, {"price": 7989, "isBuy": false, "qty": 6055}, {"price": 8028, "isBuy": false, "qty": 6055}], "bids": [{"price": 4578, "isBuy": true, "qty": 3945}, {"price": 4555, "isBuy": true, "qty": 3945}, {"price": 4532, "isBuy": true, "qty": 3945}], "symbol": "CEEW", "venue": "ZEYMEX", "ts": "2016-04-29T17:00:46.557517595Z"}, {"ok": true, "asks": [{"price": 4601, "isBuy": false, "qty": 147753}, {"price": 7950, "isBuy": false, "qty": 6055}, {"price": 7989, "isBuy": false, "qty": 6055}, {"price": 8028, "isBuy": false, "qty": 6055}], "bids": [{"price": 4600, "isBuy": true, "qty": 999}, {"price": 4578, "isBuy": true, "qty": 3945}, {"price": 4555, "isBuy": true, "qty": 3945}, {"price": 4532, "isBuy": true, "qty": 3945}], "symbol": "CEEW", "venue": "ZEYMEX", "ts": "2016-04-29T17:00:50.119507127Z"}, {"ok": true, "asks": null, "bids": [{"price": 7729, "isBuy": true, "qty": 3951}, {"price": 7691, "isBuy": true, "qty": 3951}, {"price": 7653, "isBuy": true, "qty": 3951}, {"price": 7542, "isBuy": true, "qty": 141}, {"price": 4600, "isBuy": true, "qty": 999}], "symbol": "CEEW", "venue": "ZEYMEX", "ts": "2016-04-29T17:00:51.097381206Z"}, {"ok": true, "asks": null, "bids": [{"price": 7729, "isBuy": true, "qty": 3951}, {"price": 7691, "isBuy": true, "qty": 3951}, {"price": 7653, "isBuy": true, "qty": 3951}, {"price": 7542, "isBuy": true, "qty": 141}, {"price": 4623, "isBuy": true, "qty": 500}, {"price": 4600, "isBuy": true, "qty": 999}], "symbol": "CEEW", "venue": "ZEYMEX", "ts": "2016-04-29T17:00:53.818001361Z"}, {"ok": true, "asks": null, "bids": [{"price": 7729, "isBuy": true, "qty": 3951}, {"price": 7691, "isBuy": true, "qty": 3951}, {"price": 7653, "isBuy": true, "qty": 3951}, {"price": 7542, "isBuy": true, "qty": 141}, {"price": 4623, "isBuy": true, "qty": 500}, {"price": 4600, "isBuy": true, "qty": 999}], "symbol": "CEEW", "venue": "ZEYMEX", "ts": "2016-04-29T17:00:54.367956073Z"}, {"ok": true, "asks": null, "bids": [{"price": 7729, "isBuy": true, "qty": 3951}, {"price": 7691, "isBuy": true, "qty": 3951}, {"price": 7653, "isBuy": true, "qty": 3951}, {"price": 7542, "isBuy": true, "qty": 141}, {"price": 4623, "isBuy": true, "qty": 500}, {"price": 4600, "isBuy": true, "qty": 999}], "symbol": "CEEW", "venue": "ZEYMEX", "ts": "2016-04-29T17:00:54.464128447Z"}, {"ok": true, "asks": [{"price": 7966, "isBuy": false, "qty": 69}, {"price": 8138, "isBuy": false, "qty": 6114}, {"price": 8178, "isBuy": false, "qty": 6114}, {"price": 8218, "isBuy": false, "qty": 6114}], "bids": [{"price": 7792, "isBuy": true, "qty": 3885}, {"price": 7753, "isBuy": true, "qty": 3885}, {"price": 7714, "isBuy": true, "qty": 3885}, {"price": 4623, "isBuy": true, "qty": 500}, {"price": 4600, "isBuy": true, "qty": 999}], "symbol": "CEEW", "venue": "ZEYMEX", "ts": "2016-04-29T17:00:56.565950065Z"}, {"ok": true, "asks": [{"price": 7966, "isBuy": false, "qty": 69}, {"price": 8138, "isBuy": false, "qty": 6114}, {"price": 8178, "isBuy": false, "qty": 6114}, {"price": 8218, "isBuy": false, "qty": 6114}], "bids": [{"price": 7792, "isBuy": true, "qty": 3885}, {"price": 7753, "isBuy": true, "qty": 3885}, {"price": 7714, "isBuy": true, "qty": 3885}, {"price": 4623, "isBuy": true, "qty": 500}, {"price": 4600, "isBuy": true, "qty": 999}], "symbol": "CEEW", "venue": "ZEYMEX", "ts": "2016-04-29T17:00:57.695381159Z"}, {"ok": true, "asks": [{"price": 7966, "isBuy": false, "qty": 69}, {"price": 8138, "isBuy": false, "qty": 6114}, {"price": 8178, "isBuy": false, "qty": 6114}, {"price": 8218, "isBuy": false, "qty": 6114}], "bids": [{"price": 7792, "isBuy": true, "qty": 3885}, {"price": 7753, "isBuy": true, "qty": 3885}, {"price": 7714, "isBuy": true, "qty": 3885}, {"price": 4623, "isBuy": true, "qty": 500}, {"price": 4600, "isBuy": true, "qty": 999}], "symbol": "CEEW", "venue": "ZEYMEX", "ts": "2016-04-29T17:00:57.78888902Z"}, {"ok": true, "asks": [{"price": 7966, "isBuy": false, "qty": 69}, {"price": 8138, "isBuy": false, "qty": 6114}, {"price": 8178, "isBuy": false, "qty": 6114}, {"price": 8218, "isBuy": false, "qty": 6114}], "bids": [{"price": 7792, "isBuy": true, "qty": 3885}, {"price": 7753, "isBuy": true, "qty": 3885}, {"price": 7714, "isBuy": true, "qty": 3885}, {"price": 4623, "isBuy": true, "qty": 500}, {"price": 4600, "isBuy": true, "qty": 999}], "symbol": "CEEW", "venue": "ZEYMEX", "ts": "2016-04-29T17:00:59.62351761Z"}, {"ok": true, "asks": [{"price": 7830, "isBuy": false, "qty": 6220}, {"price": 7868, "isBuy": false, "qty": 6220}, {"price": 7906, "isBuy": false, "qty": 6220}], "bids": [{"price": 7413, "isBuy": true, "qty": 3779}, {"price": 7376, "isBuy": true, "qty": 3779}, {"price": 7339, "isBuy": true, "qty": 3779}, {"price": 4623, "isBuy": true, "qty": 500}, {"price": 4600, "isBuy": true, "qty": 999}], "symbol": "CEEW", "venue": "ZEYMEX", "ts": "2016-04-29T17:01:01.020869698Z"}, {"ok": true, "asks": null, "bids": [{"price": 7413, "isBuy": true, "qty": 3779}, {"price": 7376, "isBuy": true, "qty": 3779}, {"price": 7339, "isBuy": true, "qty": 3779}, {"price": 4623, "isBuy": true, "qty": 500}, {"price": 4600, "isBuy": true, "qty": 999}], "symbol": "CEEW", "venue": "ZEYMEX", "ts": "2016-04-29T17:01:01.121356113Z"}, {"ok": true, "asks": null, "bids": [{"price": 7413, "isBuy": true, "qty": 3779}, {"price": 7376, "isBuy": true, "qty": 3779}, {"price": 7339, "isBuy": true, "qty": 3779}, {"price": 4623, "isBuy": true, "qty": 500}, {"price": 4600, "isBuy": true, "qty": 999}], "symbol": "CEEW", "venue": "ZEYMEX", "ts": "2016-04-29T17:01:02.948273483Z"}, {"ok": true, "asks": null, "bids": [{"price": 7413, "isBuy": true, "qty": 3779}, {"price": 7376, "isBuy": true, "qty": 3779}, {"price": 7339, "isBuy": true, "qty": 3779}, {"price": 4623, "isBuy": true, "qty": 500}, {"price": 4600, "isBuy": true, "qty": 999}], "symbol": "CEEW", "venue": "ZEYMEX", "ts": "2016-04-29T17:01:04.336756049Z"}, {"ok": true, "asks": null, "bids": [{"price": 7413, "isBuy": true, "qty": 3779}, {"price": 7376, "isBuy": true, "qty": 3779}, {"price": 7339, "isBuy": true, "qty": 3779}, {"price": 4623, "isBuy": true, "qty": 500}, {"price": 4600, "isBuy": true, "qty": 999}], "symbol": "CEEW", "venue": "ZEYMEX", "ts": "2016-04-29T17:01:04.446374296Z"}, {"ok": true, "asks": [{"price": 7522, "isBuy": false, "qty": 114}, {"price": 7658, "isBuy": false, "qty": 6201}, {"price": 7696, "isBuy": false, "qty": 6201}, {"price": 7726, "isBuy": false, "qty": 77}, {"price": 7734, "isBuy": false, "qty": 6201}], "bids": [{"price": 7485, "isBuy": true, "qty": 3799}, {"price": 7448, "isBuy": true, "qty": 3799}, {"price": 7411, "isBuy": true, "qty": 3799}, {"price": 4623, "isBuy": true, "qty": 500}, {"price": 4600, "isBuy": true, "qty": 999}], "symbol": "CEEW", "venue": "ZEYMEX", "ts": "2016-04-29T17:01:06.134846102Z"}, {"ok": true, "asks": [{"price": 7522, "isBuy": false, "qty": 114}, {"price": 7658, "isBuy": false, "qty": 6201}, {"price": 7696, "isBuy": false, "qty": 6201}, {"price": 7726, "isBuy": false, "qty": 77}, {"price": 7734, "isBuy": false, "qty": 6201}], "bids": [{"price": 7485, "isBuy": true, "qty": 3799}, {"price": 7448, "isBuy": true, "qty": 3799}, {"price": 7411, "isBuy": true, "qty": 3799}, {"price": 4623, "isBuy": true, "qty": 500}, {"price": 4600, "isBuy": true, "qty": 999}], "symbol": "CEEW", "venue": "ZEYMEX", "ts": "2016-04-29T17:01:07.671187288Z"}, {"ok": true, "asks": [{"price": 7522, "isBuy": false, "qty": 114}, {"price": 7658, "isBuy": false, "qty": 6201}, {"price": 7696, "isBuy": false, "qty": 6201}, {"price": 7726, "isBuy": false, "qty": 77}, {"price": 7734, "isBuy": false, "qty": 6201}], "bids": [{"price": 7485, "isBuy": true, "qty": 3799}, {"price": 7448, "isBuy": true, "qty": 3799}, {"price": 7411, "isBuy": true, "qty": 3799}, {"price": 4623, "isBuy": true, "qty": 500}, {"price": 4600, "isBuy": true, "qty": 999}], "symbol": "CEEW", "venue": "ZEYMEX", "ts": "2016-04-29T17:01:07.766860173Z"}, {"ok": true, "asks": [{"price": 7522, "isBuy": false, "qty": 114}, {"price": 7658, "isBuy": false, "qty": 6201}, {"price": 7696, "isBuy": false, "qty": 6201}, {"price": 7726, "isBuy": false, "qty": 77}, {"price": 7734, "isBuy": false, "qty": 6201}], "bids": [{"price": 7485, "isBuy": true, "qty": 3799}, {"price": 7448, "isBuy": true, "qty": 3799}, {"price": 7411, "isBuy": true, "qty": 3799}, {"price": 4623, "isBuy": true, "qty": 500}, {"price": 4600, "isBuy": true, "qty": 999}], "symbol": "CEEW", "venue": "ZEYMEX", "ts": "2016-04-29T17:01:09.947336681Z"}, {"ok": true, "asks": [{"price": 7372, "isBuy": false, "qty": 148}, {"price": 7522, "isBuy": false, "qty": 47}, {"price": 7522, "isBuy": false, "qty": 6205}, {"price": 7559, "isBuy": false, "qty": 6205}, {"price": 7596, "isBuy": false, "qty": 6205}], "bids": [{"price": 7362, "isBuy": true, "qty": 3697}, {"price": 7326, "isBuy": true, "qty": 3794}, {"price": 7290, "isBuy": true, "qty": 3794}, {"price": 4623, "isBuy": true, "qty": 500}, {"price": 4600, "isBuy": true, "qty": 999}], "symbol": "CEEW", "venue": "ZEYMEX", "ts": "2016-04-29T17:01:10.995583439Z"}, {"ok": true, "asks": null, "bids": [{"price": 7362, "isBuy": true, "qty": 3794}, {"price": 7326, "isBuy": true, "qty": 3794}, {"price": 7290, "isBuy": true, "qty": 3794}, {"price": 4623, "isBuy": true, "qty": 500}, {"price": 4600, "isBuy": true, "qty": 999}], "symbol": "CEEW", "venue": "ZEYMEX", "ts": "2016-04-29T17:01:11.158543457Z"}, {"ok": true, "asks": null, "bids": [{"price": 7362, "isBuy": true, "qty": 3794}, {"price": 7326, "isBuy": true, "qty": 3794}, {"price": 7290, "isBuy": true, "qty": 3794}, {"price": 4623, "isBuy": true, "qty": 500}, {"price": 4600, "isBuy": true, "qty": 999}], "symbol": "CEEW", "venue": "ZEYMEX", "ts": "2016-04-29T17:01:12.612971225Z"}, {"ok": true, "asks": null, "bids": [{"price": 7362, "isBuy": true, "qty": 3794}, {"price": 7326, "isBuy": true, "qty": 3794}, {"price": 7290, "isBuy": true, "qty": 3794}, {"price": 4623, "isBuy": true, "qty": 500}, {"price": 4600, "isBuy": true, "qty": 999}], "symbol": "CEEW", "venue": "ZEYMEX", "ts": "2016-04-29T17:01:14.402759764Z"}, {"ok": true, "asks": null, "bids": [{"price": 7362, "isBuy": true, "qty": 3794}, {"price": 7326, "isBuy": true, "qty": 3794}, {"price": 7290, "isBuy": true, "qty": 3794}, {"price": 4623, "isBuy": true, "qty": 500}, {"price": 4600, "isBuy": true, "qty": 999}], "symbol": "CEEW", "venue": "ZEYMEX", "ts": "2016-04-29T17:01:14.499993911Z"}, {"ok": true, "asks": [{"price": 7669, "isBuy": false, "qty": 126}, {"price": 7805, "isBuy": false, "qty": 6192}, {"price": 7843, "isBuy": false, "qty": 6192}, {"price": 7881, "isBuy": false, "qty": 6192}], "bids": [{"price": 7551, "isBuy": true, "qty": 3799}, {"price": 7514, "isBuy": true, "qty": 3799}, {"price": 7477, "isBuy": true, "qty": 3799}, {"price": 4623, "isBuy": true, "qty": 500}, {"price": 4600, "isBuy": true, "qty": 999}], "symbol": "CEEW", "venue": "ZEYMEX", "ts": "2016-04-29T17:01:16.111813574Z"}, {"ok": true, "asks": [{"price": 7669, "isBuy": false, "qty": 126}, {"price": 7805, "isBuy": false, "qty": 6192}, {"price": 7843, "isBuy": false, "qty": 6192}, {"price": 7881, "isBuy": false, "qty": 6192}], "bids": [{"price": 7551, "isBuy": true, "qty": 3799}, {"price": 7514, "isBuy": true, "qty": 3799}, {"price": 7477, "isBuy": true, "qty": 3799}, {"price": 4623, "isBuy": true, "qty": 500}, {"price": 4600, "isBuy": true, "qty": 999}], "symbol": "CEEW", "venue": "ZEYMEX", "ts": "2016-04-29T17:01:17.715256825Z"}, {"ok": true, "asks": [{"price": 7669, "isBuy": false, "qty": 126}, {"price": 7805, "isBuy": false, "qty": 6192}, {"price": 7843, "isBuy": false, "qty": 6192}, {"price": 7881, "isBuy": false, "qty": 6192}], "bids": [{"price": 7551, "isBuy": true, "qty": 3799}, {"price": 7514, "isBuy": true, "qty": 3799}, {"price": 7477, "isBuy": true, "qty": 3799}, {"price": 4623, "isBuy": true, "qty": 500}, {"price": 4600, "isBuy": true, "qty": 999}], "symbol": "CEEW", "venue": "ZEYMEX", "ts": "2016-04-29T17:01:17.809831133Z"}, {"ok": true, "asks": [{"price": 7669, "isBuy": false, "qty": 126}, {"price": 7805, "isBuy": false, "qty": 6192}, {"price": 7843, "isBuy": false, "qty": 6192}, {"price": 7881, "isBuy": false, "qty": 6192}], "bids": [{"price": 7551, "isBuy": true, "qty": 3799}, {"price": 7514, "isBuy": true, "qty": 3799}, {"price": 7477, "isBuy": true, "qty": 3799}, {"price": 4623, "isBuy": true, "qty": 500}, {"price": 4600, "isBuy": true, "qty": 999}], "symbol": "CEEW", "venue": "ZEYMEX", "ts": "2016-04-29T17:01:19.343714594Z"}, {"ok": true, "asks": [{"price": 7773, "isBuy": false, "qty": 183}], "bids": [{"price": 7659, "isBuy": true, "qty": 3850}, {"price": 4623, "isBuy": true, "qty": 500}, {"price": 4600, "isBuy": true, "qty": 999}], "symbol": "CEEW", "venue": "ZEYMEX", "ts": "2016-04-29T17:01:21.038765162Z"}, {"ok": true, "asks": [{"price": 7993, "isBuy": false, "qty": 6149}, {"price": 8032, "isBuy": false, "qty": 6149}, {"price": 8071, "isBuy": false, "qty": 6149}], "bids": [{"price": 7915, "isBuy": true, "qty": 3850}, {"price": 7876, "isBuy": true, "qty": 3850}, {"price": 7850, "isBuy": true, "qty": 158}, {"price": 7837, "isBuy": true, "qty": 3850}, {"price": 4623, "isBuy": true, "qty": 500}, {"price": 4600, "isBuy": true, "qty": 999}], "symbol": "CEEW", "venue": "ZEYMEX", "ts": "2016-04-29T17:01:21.143120159Z"}, {"ok": true, "asks": [{"price": 7993, "isBuy": false, "qty": 6149}, {"price": 8032, "isBuy": false, "qty": 6149}, {"price": 8071, "isBuy": false, "qty": 6149}], "bids": [{"price": 7915, "isBuy": true, "qty": 3850}, {"price": 7876, "isBuy": true, "qty": 3850}, {"price": 7850, "isBuy": true, "qty": 158}, {"price": 7837, "isBuy": true, "qty": 3850}, {"price": 4623, "isBuy": true, "qty": 500}, {"price": 4600, "isBuy": true, "qty": 999}], "symbol": "CEEW", "venue": "ZEYMEX", "ts": "2016-04-29T17:01:22.363575825Z"}, {"ok": true, "asks": [{"price": 7993, "isBuy": false, "qty": 6149}, {"price": 8032, "isBuy": false, "qty": 6149}, {"price": 8071, "isBuy": false, "qty": 6149}], "bids": [{"price": 7915, "isBuy": true, "qty": 3850}, {"price": 7876, "isBuy": true, "qty": 3850}, {"price": 7850, "isBuy": true, "qty": 158}, {"price": 7837, "isBuy": true, "qty": 3850}, {"price": 4623, "isBuy": true, "qty": 500}, {"price": 4600, "isBuy": true, "qty": 999}], "symbol": "CEEW", "venue": "ZEYMEX", "ts": "2016-04-29T17:01:24.35773631Z"}, {"ok": true, "asks": [{"price": 7993, "isBuy": false, "qty": 6149}, {"price": 8032, "isBuy": false, "qty": 6149}, {"price": 8071, "isBuy": false, "qty": 6149}], "bids": [{"price": 7915, "isBuy": true, "qty": 3850}, {"price": 7876, "isBuy": true, "qty": 3850}, {"price": 7850, "isBuy": true, "qty": 158}, {"price": 7837, "isBuy": true, "qty": 3850}, {"price": 4623, "isBuy": true, "qty": 500}, {"price": 4600, "isBuy": true, "qty": 999}], "symbol": "CEEW", "venue": "ZEYMEX", "ts": "2016-04-29T17:01:24.452240719Z"}, {"ok": true, "asks": [{"price": 7993, "isBuy": false, "qty": 6149}, {"price": 8032, "isBuy": false, "qty": 6149}, {"price": 8071, "isBuy": false, "qty": 6149}], "bids": [{"price": 7915, "isBuy": true, "qty": 3850}, {"price": 7876, "isBuy": true, "qty": 3850}, {"price": 7850, "isBuy": true, "qty": 158}, {"price": 7837, "isBuy": true, "qty": 3850}, {"price": 4623, "isBuy": true, "qty": 500}, {"price": 4600, "isBuy": true, "qty": 999}], "symbol": "CEEW", "venue": "ZEYMEX", "ts": "2016-04-29T17:01:25.604148963Z"}, {"ok": true, "asks": null, "bids": [{"price": 7776, "isBuy": true, "qty": 3772}, {"price": 7737, "isBuy": true, "qty": 3772}, {"price": 7698, "isBuy": true, "qty": 3772}, {"price": 4623, "isBuy": true, "qty": 500}, {"price": 4600, "isBuy": true, "qty": 999}], "symbol": "CEEW", "venue": "ZEYMEX", "ts": "2016-04-29T17:01:27.699408483Z"}, {"ok": true, "asks": null, "bids": [{"price": 7776, "isBuy": true, "qty": 3772}, {"price": 7737, "isBuy": true, "qty": 3772}, {"price": 7698, "isBuy": true, "qty": 3772}, {"price": 4623, "isBuy": true, "qty": 500}, {"price": 4600, "isBuy": true, "qty": 999}], "symbol": "CEEW", "venue": "ZEYMEX", "ts": "2016-04-29T17:01:27.799285858Z"}, {"ok": true, "asks": null, "bids": [{"price": 7776, "isBuy": true, "qty": 3772}, {"price": 7737, "isBuy": true, "qty": 3772}, {"price": 7698, "isBuy": true, "qty": 3772}, {"price": 4623, "isBuy": true, "qty": 500}, {"price": 4600, "isBuy": true, "qty": 999}], "symbol": "CEEW", "venue": "ZEYMEX", "ts": "2016-04-29T17:01:28.775425428Z"}, {"ok": true, "asks": [{"price": 7819, "isBuy": false, "qty": 80}, {"price": 7982, "isBuy": false, "qty": 9}], "bids": [{"price": 4623, "isBuy": true, "qty": 500}, {"price": 4600, "isBuy": true, "qty": 999}], "symbol": "CEEW", "venue": "ZEYMEX", "ts": "2016-04-29T17:01:31.029413331Z"}, {"ok": true, "asks": [{"price": 7819, "isBuy": false, "qty": 80}, {"price": 7922, "isBuy": false, "qty": 6281}, {"price": 7961, "isBuy": false, "qty": 6281}, {"price": 7982, "isBuy": false, "qty": 9}, {"price": 8000, "isBuy": false, "qty": 6281}], "bids": [{"price": 7780, "isBuy": true, "qty": 3718}, {"price": 7741, "isBuy": true, "qty": 3718}, {"price": 7702, "isBuy": true, "qty": 3718}, {"price": 4623, "isBuy": true, "qty": 500}, {"price": 4600, "isBuy": true, "qty": 999}], "symbol": "CEEW", "venue": "ZEYMEX", "ts": "2016-04-29T17:01:31.133701897Z"}, {"ok": true, "asks": [{"price": 7819, "isBuy": false, "qty": 80}, {"price": 7922, "isBuy": false, "qty": 6281}, {"price": 7961, "isBuy": false, "qty": 6281}, {"price": 7982, "isBuy": false, "qty": 9}, {"price": 8000, "isBuy": false, "qty": 6281}], "bids": [{"price": 7780, "isBuy": true, "qty": 3718}, {"price": 7741, "isBuy": true, "qty": 3718}, {"price": 7702, "isBuy": true, "qty": 3718}, {"price": 4623, "isBuy": true, "qty": 500}, {"price": 4600, "isBuy": true, "qty": 999}], "symbol": "CEEW", "venue": "ZEYMEX", "ts": "2016-04-29T17:01:32.007576051Z"}, {"ok": true, "asks": [{"price": 7819, "isBuy": false, "qty": 80}, {"price": 7922, "isBuy": false, "qty": 6281}, {"price": 7961, "isBuy": false, "qty": 6281}, {"price": 7982, "isBuy": false, "qty": 9}, {"price": 8000, "isBuy": false, "qty": 6281}], "bids": [{"price": 7780, "isBuy": true, "qty": 3718}, {"price": 7741, "isBuy": true, "qty": 3718}, {"price": 7702, "isBuy": true, "qty": 3718}, {"price": 4623, "isBuy": true, "qty": 500}, {"price": 4600, "isBuy": true, "qty": 999}], "symbol": "CEEW", "venue": "ZEYMEX", "ts": "2016-04-29T17:01:34.356043669Z"}, {"ok": true, "asks": [{"price": 7819, "isBuy": false, "qty": 80}, {"price": 7922, "isBuy": false, "qty": 6281}, {"price": 7961, "isBuy": false, "qty": 6281}, {"price": 7982, "isBuy": false, "qty": 9}, {"price": 8000, "isBuy": false, "qty": 6281}], "bids": [{"price": 7780, "isBuy": true, "qty": 3718}, {"price": 7741, "isBuy": true, "qty": 3718}, {"price": 7702, "isBuy": true, "qty": 3718}, {"price": 4623, "isBuy": true, "qty": 500}, {"price": 4600, "isBuy": true, "qty": 999}], "symbol": "CEEW", "venue": "ZEYMEX", "ts": "2016-04-29T17:01:34.474157007Z"}, {"ok": true, "asks": [{"price": 7819, "isBuy": false, "qty": 80}, {"price": 7922, "isBuy": false, "qty": 6281}, {"price": 7961, "isBuy": false, "qty": 6281}, {"price": 7982, "isBuy": false, "qty": 9}, {"price": 8000, "isBuy": false, "qty": 6281}], "bids": [{"price": 7780, "isBuy": true, "qty": 3718}, {"price": 7741, "isBuy": true, "qty": 3718}, {"price": 7702, "isBuy": true, "qty": 3718}, {"price": 4623, "isBuy": true, "qty": 500}, {"price": 4600, "isBuy": true, "qty": 999}], "symbol": "CEEW", "venue": "ZEYMEX", "ts": "2016-04-29T17:01:35.313921281Z"}, {"ok": true, "asks": [{"price": 7984, "isBuy": false, "qty": 6270}, {"price": 8023, "isBuy": false, "qty": 6270}, {"price": 8062, "isBuy": false, "qty": 6270}], "bids": [{"price": 4623, "isBuy": true, "qty": 500}, {"price": 4600, "isBuy": true, "qty": 999}], "symbol": "CEEW", "venue": "ZEYMEX", "ts": "2016-04-29T17:01:38.120431344Z"}, {"ok": true, "asks": [{"price": 7984, "isBuy": false, "qty": 6270}, {"price": 8023, "isBuy": false, "qty": 6270}, {"price": 8062, "isBuy": false, "qty": 6270}], "bids": [{"price": 4623, "isBuy": true, "qty": 500}, {"price": 4600, "isBuy": true, "qty": 999}], "symbol": "CEEW", "venue": "ZEYMEX", "ts": "2016-04-29T17:01:38.23742699Z"}, {"ok": true, "asks": [{"price": 7984, "isBuy": false, "qty": 6270}, {"price": 8023, "isBuy": false, "qty": 6270}, {"price": 8062, "isBuy": false, "qty": 6270}], "bids": [{"price": 4600, "isBuy": true, "qty": 999}], "symbol": "CEEW", "venue": "ZEYMEX", "ts": "2016-04-29T17:01:38.577763417Z"}, {"ok": true, "asks": [{"price": 7849, "isBuy": false, "qty": 80}, {"price": 7968, "isBuy": false, "qty": 6145}, {"price": 8007, "isBuy": false, "qty": 6145}, {"price": 8046, "isBuy": false, "qty": 6145}], "bids": [{"price": 7422, "isBuy": true, "qty": 3713}, {"price": 7385, "isBuy": true, "qty": 3713}, {"price": 7348, "isBuy": true, "qty": 3713}, {"price": 4600, "isBuy": true, "qty": 999}], "symbol": "CEEW", "venue": "ZEYMEX", "ts": "2016-04-29T17:01:41.615562026Z"}, {"ok": true, "asks": [{"price": 7849, "isBuy": false, "qty": 80}, {"price": 7968, "isBuy": false, "qty": 6145}, {"price": 8007, "isBuy": false, "qty": 6145}, {"price": 8046, "isBuy": false, "qty": 6145}], "bids": [{"price": 7422, "isBuy": true, "qty": 3713}, {"price": 7385, "isBuy": true, "qty": 3713}, {"price": 7348, "isBuy": true, "qty": 3713}, {"price": 4600, "isBuy": true, "qty": 999}], "symbol": "CEEW", "venue": "ZEYMEX", "ts": "2016-04-29T17:01:42.078486844Z"}, {"ok": true, "asks": [{"price": 7849, "isBuy": false, "qty": 80}, {"price": 7968, "isBuy": false, "qty": 6145}, {"price": 8007, "isBuy": false, "qty": 6145}, {"price": 8046, "isBuy": false, "qty": 6145}], "bids": [{"price": 7422, "isBuy": true, "qty": 3713}, {"price": 7385, "isBuy": true, "qty": 3713}, {"price": 7348, "isBuy": true, "qty": 3713}, {"price": 4600, "isBuy": true, "qty": 999}], "symbol": "CEEW", "venue": "ZEYMEX", "ts": "2016-04-29T17:01:44.950341588Z"}, {"ok": true, "asks": [{"price": 7849, "isBuy": false, "qty": 80}, {"price": 7968, "isBuy": false, "qty": 6145}, {"price": 8007, "isBuy": false, "qty": 6145}, {"price": 8046, "isBuy": false, "qty": 6145}], "bids": [{"price": 7458, "isBuy": true, "qty": 500}, {"price": 7422, "isBuy": true, "qty": 3713}, {"price": 7385, "isBuy": true, "qty": 3713}, {"price": 7348, "isBuy": true, "qty": 3713}, {"price": 4600, "isBuy": true, "qty": 999}], "symbol": "CEEW", "venue": "ZEYMEX", "ts": "2016-04-29T17:01:45.692292973Z"}, {"ok": true, "asks": [{"price": 7914, "isBuy": false, "qty": 6095}, {"price": 7953, "isBuy": false, "qty": 6095}, {"price": 7992, "isBuy": false, "qty": 6095}], "bids": [{"price": 7836, "isBuy": true, "qty": 3905}, {"price": 7797, "isBuy": true, "qty": 3905}, {"price": 7758, "isBuy": true, "qty": 3905}, {"price": 7706, "isBuy": true, "qty": 63}, {"price": 7458, "isBuy": true, "qty": 500}, {"price": 4600, "isBuy": true, "qty": 999}], "symbol": "CEEW", "venue": "ZEYMEX", "ts": "2016-04-29T17:01:48.230526465Z"}, {"ok": true, "asks": [{"price": 7914, "isBuy": false, "qty": 6095}, {"price": 7953, "isBuy": false, "qty": 6095}, {"price": 7992, "isBuy": false, "qty": 6095}], "bids": [{"price": 7836, "isBuy": true, "qty": 3905}, {"price": 7797, "isBuy": true, "qty": 3905}, {"price": 7758, "isBuy": true, "qty": 3905}, {"price": 7706, "isBuy": true, "qty": 63}, {"price": 7496, "isBuy": true, "qty": 250}, {"price": 7458, "isBuy": true, "qty": 500}, {"price": 4600, "isBuy": true, "qty": 999}], "symbol": "CEEW", "venue": "ZEYMEX", "ts": "2016-04-29T17:01:48.351433403Z"}, {"ok": true, "asks": [{"price": 7914, "isBuy": false, "qty": 6095}, {"price": 7953, "isBuy": false, "qty": 6095}, {"price": 7992, "isBuy": false, "qty": 6095}], "bids": [{"price": 7836, "isBuy": true, "qty": 3905}, {"price": 7797, "isBuy": true, "qty": 3905}, {"price": 7758, "isBuy": true, "qty": 3905}, {"price": 7706, "isBuy": true, "qty": 63}, {"price": 7496, "isBuy": true, "qty": 250}, {"price": 7458, "isBuy": true, "qty": 500}, {"price": 4600, "isBuy": true, "qty": 999}], "symbol": "CEEW", "venue": "ZEYMEX", "ts": "2016-04-29T17:01:48.926225318Z"}, {"ok": true, "asks": [{"price": 8007, "isBuy": false, "qty": 6036}, {"price": 8046, "isBuy": false, "qty": 6036}, {"price": 8085, "isBuy": false, "qty": 6036}], "bids": [{"price": 7496, "isBuy": true, "qty": 250}, {"price": 7458, "isBuy": true, "qty": 500}, {"price": 4600, "isBuy": true, "qty": 999}], "symbol": "CEEW", "venue": "ZEYMEX", "ts": "2016-04-29T17:01:51.727761001Z"}, {"ok": true, "asks": [{"price": 8007, "isBuy": false, "qty": 6036}, {"price": 8046, "isBuy": false, "qty": 6036}, {"price": 8085, "isBuy": false, "qty": 6036}], "bids": [{"price": 7496, "isBuy": true, "qty": 250}, {"price": 7458, "isBuy": true, "qty": 500}, {"price": 4600, "isBuy": true, "qty": 999}], "symbol": "CEEW", "venue": "ZEYMEX", "ts": "2016-04-29T17:01:51.828334645Z"}, {"ok": true, "asks": [{"price": 8007, "isBuy": false, "qty": 6036}, {"price": 8046, "isBuy": false, "qty": 6036}, {"price": 8085, "isBuy": false, "qty": 6036}], "bids": [{"price": 7496, "isBuy": true, "qty": 250}, {"price": 7458, "isBuy": true, "qty": 500}, {"price": 4600, "isBuy": true, "qty": 999}], "symbol": "CEEW", "venue": "ZEYMEX", "ts": "2016-04-29T17:01:51.828832953Z"}, {"ok": true, "asks": [{"price": 8007, "isBuy": false, "qty": 6036}, {"price": 8046, "isBuy": false, "qty": 6036}, {"price": 8085, "isBuy": false, "qty": 6036}], "bids": [{"price": 7496, "isBuy": true, "qty": 250}, {"price": 7458, "isBuy": true, "qty": 500}, {"price": 4600, "isBuy": true, "qty": 999}], "symbol": "CEEW", "venue": "ZEYMEX", "ts": "2016-04-29T17:01:51.959797908Z"}, {"ok": true, "asks": [{"price": 8007, "isBuy": false, "qty": 6036}, {"price": 8046, "isBuy": false, "qty": 6036}, {"price": 8085, "isBuy": false, "qty": 6036}], "bids": [{"price": 7458, "isBuy": true, "qty": 500}, {"price": 4600, "isBuy": true, "qty": 999}], "symbol": "CEEW", "venue": "ZEYMEX", "ts": "2016-04-29T17:01:55.243044947Z"}, {"ok": true, "asks": [{"price": 8007, "isBuy": false, "qty": 6036}, {"price": 8046, "isBuy": false, "qty": 6036}, {"price": 8085, "isBuy": false, "qty": 6036}], "bids": [{"price": 7458, "isBuy": true, "qty": 500}, {"price": 4600, "isBuy": true, "qty": 999}], "symbol": "CEEW", "venue": "ZEYMEX", "ts": "2016-04-29T17:01:55.340772278Z"}, {"ok": true, "asks": [{"price": 8007, "isBuy": false, "qty": 6036}, {"price": 8046, "isBuy": false, "qty": 6036}, {"price": 8085, "isBuy": false, "qty": 6036}], "bids": [{"price": 7458, "isBuy": true, "qty": 500}, {"price": 4600, "isBuy": true, "qty": 999}], "symbol": "CEEW", "venue": "ZEYMEX", "ts": "2016-04-29T17:01:55.438265294Z"}, {"ok": true, "asks": [{"price": 7501, "isBuy": false, "qty": 121}, {"price": 8067, "isBuy": false, "qty": 6010}, {"price": 8107, "isBuy": false, "qty": 6010}, {"price": 8147, "isBuy": false, "qty": 6010}], "bids": [{"price": 7273, "isBuy": true, "qty": 3948}, {"price": 7237, "isBuy": true, "qty": 3948}, {"price": 7201, "isBuy": true, "qty": 3948}, {"price": 4646, "isBuy": true, "qty": 500}, {"price": 4600, "isBuy": true, "qty": 999}], "symbol": "CEEW", "venue": "ZEYMEX", "ts": "2016-04-29T17:01:58.766198397Z"}, {"ok": true, "asks": [{"price": 7501, "isBuy": false, "qty": 121}, {"price": 8067, "isBuy": false, "qty": 6010}, {"price": 8107, "isBuy": false, "qty": 6010}, {"price": 8147, "isBuy": false, "qty": 6010}], "bids": [{"price": 7273, "isBuy": true, "qty": 3948}, {"price": 7237, "isBuy": true, "qty": 3948}, {"price": 7201, "isBuy": true, "qty": 3948}, {"price": 4646, "isBuy": true, "qty": 500}, {"price": 4600, "isBuy": true, "qty": 999}], "symbol": "CEEW", "venue": "ZEYMEX", "ts": "2016-04-29T17:01:58.914740067Z"}, {"ok": true, "asks": [{"price": 7501, "isBuy": false, "qty": 121}, {"price": 8067, "isBuy": false, "qty": 6010}, {"price": 8107, "isBuy": false, "qty": 6010}, {"price": 8147, "isBuy": false, "qty": 6010}], "bids": [{"price": 7273, "isBuy": true, "qty": 3948}, {"price": 7237, "isBuy": true, "qty": 3948}, {"price": 7201, "isBuy": true, "qty": 3948}, {"price": 4646, "isBuy": true, "qty": 500}, {"price": 4600, "isBuy": true, "qty": 999}], "symbol": "CEEW", "venue": "ZEYMEX", "ts": "2016-04-29T17:01:59.073573224Z"}, {"ok": true, "asks": [{"price": 7377, "isBuy": false, "qty": 206}, {"price": 7593, "isBuy": false, "qty": 5925}, {"price": 7630, "isBuy": false, "qty": 5925}, {"price": 7667, "isBuy": false, "qty": 5925}], "bids": [{"price": 7309, "isBuy": true, "qty": 250}, {"price": 7290, "isBuy": true, "qty": 3989}, {"price": 7254, "isBuy": true, "qty": 3989}, {"price": 7218, "isBuy": true, "qty": 3989}, {"price": 4646, "isBuy": true, "qty": 500}, {"price": 4600, "isBuy": true, "qty": 999}], "symbol": "CEEW", "venue": "ZEYMEX", "ts": "2016-04-29T17:02:02.357771712Z"}, {"ok": true, "asks": [{"price": 7377, "isBuy": false, "qty": 206}, {"price": 7593, "isBuy": false, "qty": 5925}, {"price": 7630, "isBuy": false, "qty": 5925}, {"price": 7667, "isBuy": false, "qty": 5925}], "bids": [{"price": 7290, "isBuy": true, "qty": 3989}, {"price": 7254, "isBuy": true, "qty": 3989}, {"price": 7218, "isBuy": true, "qty": 3989}, {"price": 4646, "isBuy": true, "qty": 500}, {"price": 4600, "isBuy": true, "qty": 999}], "symbol": "CEEW", "venue": "ZEYMEX", "ts": "2016-04-29T17:02:02.520455794Z"}, {"ok": true, "asks": [{"price": 7377, "isBuy": false, "qty": 206}, {"price": 7593, "isBuy": false, "qty": 5925}, {"price": 7630, "isBuy": false, "qty": 5925}, {"price": 7667, "isBuy": false, "qty": 5925}], "bids": [{"price": 7290, "isBuy": true, "qty": 3989}, {"price": 7254, "isBuy": true, "qty": 3989}, {"price": 7218, "isBuy": true, "qty": 3989}, {"price": 4646, "isBuy": true, "qty": 500}, {"price": 4600, "isBuy": true, "qty": 999}], "symbol": "CEEW", "venue": "ZEYMEX", "ts": "2016-04-29T17:02:02.741759845Z"}, {"ok": true, "asks": [{"price": 7377, "isBuy": false, "qty": 206}, {"price": 7593, "isBuy": false, "qty": 5925}, {"price": 7630, "isBuy": false, "qty": 5925}, {"price": 7667, "isBuy": false, "qty": 5925}], "bids": [{"price": 7290, "isBuy": true, "qty": 3989}, {"price": 7254, "isBuy": true, "qty": 3989}, {"price": 7218, "isBuy": true, "qty": 3989}, {"price": 4646, "isBuy": true, "qty": 500}, {"price": 4600, "isBuy": true, "qty": 999}], "symbol": "CEEW", "venue": "ZEYMEX", "ts": "2016-04-29T17:02:02.848805801Z"}, {"ok": true, "asks": [{"price": 7377, "isBuy": false, "qty": 206}, {"price": 7593, "isBuy": false, "qty": 5925}, {"price": 7630, "isBuy": false, "qty": 5925}, {"price": 7667, "isBuy": false, "qty": 5925}], "bids": [{"price": 7326, "isBuy": true, "qty": 250}, {"price": 7290, "isBuy": true, "qty": 3989}, {"price": 7254, "isBuy": true, "qty": 3989}, {"price": 7218, "isBuy": true, "qty": 3989}, {"price": 4646, "isBuy": true, "qty": 500}, {"price": 4600, "isBuy": true, "qty": 999}], "symbol": "CEEW", "venue": "ZEYMEX", "ts": "2016-04-29T17:02:05.410537Z"}, {"ok": true, "asks": null, "bids": [{"price": 7419, "isBuy": true, "qty": 4191}, {"price": 7382, "isBuy": true, "qty": 4191}, {"price": 7345, "isBuy": true, "qty": 4191}, {"price": 7326, "isBuy": true, "qty": 250}, {"price": 4646, "isBuy": true, "qty": 500}, {"price": 4600, "isBuy": true, "qty": 999}], "symbol": "CEEW", "venue": "ZEYMEX", "ts": "2016-04-29T17:02:06.084600803Z"}, {"ok": true, "asks": null, "bids": [{"price": 7419, "isBuy": true, "qty": 4191}, {"price": 7382, "isBuy": true, "qty": 4191}, {"price": 7345, "isBuy": true, "qty": 4191}, {"price": 7326, "isBuy": true, "qty": 250}, {"price": 4646, "isBuy": true, "qty": 500}, {"price": 4600, "isBuy": true, "qty": 999}], "symbol": "CEEW", "venue": "ZEYMEX", "ts": "2016-04-29T17:02:06.210352555Z"}, {"ok": true, "asks": null, "bids": [{"price": 7419, "isBuy": true, "qty": 4191}, {"price": 7382, "isBuy": true, "qty": 4191}, {"price": 7345, "isBuy": true, "qty": 4191}, {"price": 7326, "isBuy": true, "qty": 250}, {"price": 4646, "isBuy": true, "qty": 500}, {"price": 4600, "isBuy": true, "qty": 999}], "symbol": "CEEW", "venue": "ZEYMEX", "ts": "2016-04-29T17:02:06.330630518Z"}, {"ok": true, "asks": null, "bids": [{"price": 7419, "isBuy": true, "qty": 4191}, {"price": 7382, "isBuy": true, "qty": 4191}, {"price": 7362, "isBuy": true, "qty": 125}, {"price": 7345, "isBuy": true, "qty": 4191}, {"price": 7326, "isBuy": true, "qty": 250}, {"price": 4646, "isBuy": true, "qty": 500}, {"price": 4600, "isBuy": true, "qty": 999}], "symbol": "CEEW", "venue": "ZEYMEX", "ts": "2016-04-29T17:02:08.791121639Z"}, {"ok": true, "asks": [{"price": 8112, "isBuy": false, "qty": 5874}, {"price": 8152, "isBuy": false, "qty": 5874}, {"price": 8192, "isBuy": false, "qty": 5874}], "bids": [{"price": 7892, "isBuy": true, "qty": 175}, {"price": 7602, "isBuy": true, "qty": 164}, {"price": 7490, "isBuy": true, "qty": 4055}, {"price": 7453, "isBuy": true, "qty": 4055}, {"price": 7416, "isBuy": true, "qty": 4055}, {"price": 7362, "isBuy": true, "qty": 125}, {"price": 7326, "isBuy": true, "qty": 250}, {"price": 4646, "isBuy": true, "qty": 500}, {"price": 4600, "isBuy": true, "qty": 999}], "symbol": "CEEW", "venue": "ZEYMEX", "ts": "2016-04-29T17:02:11.344036905Z"}, {"ok": true, "asks": [{"price": 8112, "isBuy": false, "qty": 5874}, {"price": 8152, "isBuy": false, "qty": 5874}, {"price": 8192, "isBuy": false, "qty": 5874}], "bids": [{"price": 7892, "isBuy": true, "qty": 175}, {"price": 7602, "isBuy": true, "qty": 164}, {"price": 7490, "isBuy": true, "qty": 4055}, {"price": 7453, "isBuy": true, "qty": 4055}, {"price": 7416, "isBuy": true, "qty": 4055}, {"price": 7362, "isBuy": true, "qty": 125}, {"price": 7326, "isBuy": true, "qty": 250}, {"price": 4646, "isBuy": true, "qty": 500}, {"price": 4600, "isBuy": true, "qty": 999}], "symbol": "CEEW", "venue": "ZEYMEX", "ts": "2016-04-29T17:02:11.458566916Z"}, {"ok": true, "asks": [{"price": 8112, "isBuy": false, "qty": 5874}, {"price": 8152, "isBuy": false, "qty": 5874}, {"price": 8192, "isBuy": false, "qty": 5874}], "bids": [{"price": 7892, "isBuy": true, "qty": 175}, {"price": 7602, "isBuy": true, "qty": 164}, {"price": 7490, "isBuy": true, "qty": 4055}, {"price": 7453, "isBuy": true, "qty": 4055}, {"price": 7416, "isBuy": true, "qty": 4055}, {"price": 7362, "isBuy": true, "qty": 125}, {"price": 7326, "isBuy": true, "qty": 250}, {"price": 4646, "isBuy": true, "qty": 500}, {"price": 4600, "isBuy": true, "qty": 999}], "symbol": "CEEW", "venue": "ZEYMEX", "ts": "2016-04-29T17:02:11.577589863Z"}, {"ok": true, "asks": [{"price": 8112, "isBuy": false, "qty": 5874}, {"price": 8152, "isBuy": false, "qty": 5874}, {"price": 8192, "isBuy": false, "qty": 5874}], "bids": [{"price": 7892, "isBuy": true, "qty": 175}, {"price": 7602, "isBuy": true, "qty": 164}, {"price": 7490, "isBuy": true, "qty": 4055}, {"price": 7455, "isBuy": true, "qty": 62}, {"price": 7453, "isBuy": true, "qty": 4055}, {"price": 7416, "isBuy": true, "qty": 4055}, {"price": 7362, "isBuy": true, "qty": 125}, {"price": 7326, "isBuy": true, "qty": 250}, {"price": 4646, "isBuy": true, "qty": 500}, {"price": 4600, "isBuy": true, "qty": 999}], "symbol": "CEEW", "venue": "ZEYMEX", "ts": "2016-04-29T17:02:11.67812119Z"}, {"ok": true, "asks": [{"price": 7809, "isBuy": false, "qty": 223}], "bids": [{"price": 7455, "isBuy": true, "qty": 62}, {"price": 7453, "isBuy": true, "qty": 4055}, {"price": 7416, "isBuy": true, "qty": 4055}, {"price": 7362, "isBuy": true, "qty": 125}, {"price": 7326, "isBuy": true, "qty": 250}, {"price": 4646, "isBuy": true, "qty": 500}, {"price": 4600, "isBuy": true, "qty": 999}], "symbol": "CEEW", "venue": "ZEYMEX", "ts": "2016-04-29T17:02:18.258123192Z"}, {"ok": true, "asks": [{"price": 7809, "isBuy": false, "qty": 223}], "bids": [{"price": 7455, "isBuy": true, "qty": 62}, {"price": 7362, "isBuy": true, "qty": 125}, {"price": 7326, "isBuy": true, "qty": 250}, {"price": 4646, "isBuy": true, "qty": 500}, {"price": 4600, "isBuy": true, "qty": 999}], "symbol": "CEEW", "venue": "ZEYMEX", "ts": "2016-04-29T17:02:18.291361107Z"}, {"ok": true, "asks": null, "bids": [{"price": 7362, "isBuy": true, "qty": 125}, {"price": 7357, "isBuy": true, "qty": 12}, {"price": 7326, "isBuy": true, "qty": 250}, {"price": 4646, "isBuy": true, "qty": 500}, {"price": 4600, "isBuy": true, "qty": 999}], "symbol": "CEEW", "venue": "ZEYMEX", "ts": "2016-04-29T17:02:18.620329137Z"}, {"ok": true, "asks": null, "bids": [{"price": 7431, "isBuy": true, "qty": 4055}, {"price": 7394, "isBuy": true, "qty": 4055}, {"price": 7362, "isBuy": true, "qty": 125}, {"price": 7357, "isBuy": true, "qty": 4055}, {"price": 7326, "isBuy": true, "qty": 250}, {"price": 4646, "isBuy": true, "qty": 500}, {"price": 4600, "isBuy": true, "qty": 999}], "symbol": "CEEW", "venue": "ZEYMEX", "ts": "2016-04-29T17:02:18.72659558Z"}, {"ok": true, "asks": null, "bids": [{"price": 7431, "isBuy": true, "qty": 4055}, {"price": 7394, "isBuy": true, "qty": 4055}, {"price": 7362, "isBuy": true, "qty": 125}, {"price": 7357, "isBuy": true, "qty": 4055}, {"price": 7326, "isBuy": true, "qty": 250}, {"price": 4646, "isBuy": true, "qty": 500}, {"price": 4600, "isBuy": true, "qty": 999}], "symbol": "CEEW", "venue": "ZEYMEX", "ts": "2016-04-29T17:02:18.825640505Z"}, {"ok": true, "asks": null, "bids": [{"price": 7431, "isBuy": true, "qty": 4055}, {"price": 7394, "isBuy": true, "qty": 4055}, {"price": 7362, "isBuy": true, "qty": 125}, {"price": 7357, "isBuy": true, "qty": 4055}, {"price": 7326, "isBuy": true, "qty": 250}, {"price": 4646, "isBuy": true, "qty": 500}, {"price": 4600, "isBuy": true, "qty": 999}], "symbol": "CEEW", "venue": "ZEYMEX", "ts": "2016-04-29T17:02:18.923308923Z"}, {"ok": true, "asks": null, "bids": [{"price": 7527, "isBuy": true, "qty": 31}, {"price": 7431, "isBuy": true, "qty": 4055}, {"price": 7394, "isBuy": true, "qty": 4055}, {"price": 7362, "isBuy": true, "qty": 125}, {"price": 7357, "isBuy": true, "qty": 4055}, {"price": 7326, "isBuy": true, "qty": 250}, {"price": 4646, "isBuy": true, "qty": 500}, {"price": 4600, "isBuy": true, "qty": 999}], "symbol": "CEEW", "venue": "ZEYMEX", "ts": "2016-04-29T17:02:19.651088551Z"}, {"ok": true, "asks": [{"price": 7554, "isBuy": false, "qty": 119}, {"price": 7981, "isBuy": false, "qty": 5899}, {"price": 8020, "isBuy": false, "qty": 5899}, {"price": 8059, "isBuy": false, "qty": 5899}], "bids": [{"price": 7505, "isBuy": true, "qty": 16}, {"price": 7398, "isBuy": true, "qty": 4057}, {"price": 7362, "isBuy": true, "qty": 125}, {"price": 7361, "isBuy": true, "qty": 4057}, {"price": 7326, "isBuy": true, "qty": 250}, {"price": 7324, "isBuy": true, "qty": 4057}, {"price": 4646, "isBuy": true, "qty": 500}, {"price": 4600, "isBuy": true, "qty": 999}], "symbol": "CEEW", "venue": "ZEYMEX", "ts": "2016-04-29T17:02:22.179212625Z"}, {"ok": true, "asks": [{"price": 7554, "isBuy": false, "qty": 119}, {"price": 7981, "isBuy": false, "qty": 5899}, {"price": 8020, "isBuy": false, "qty": 5899}, {"price": 8059, "isBuy": false, "qty": 5899}], "bids": [{"price": 7505, "isBuy": true, "qty": 16}, {"price": 7398, "isBuy": true, "qty": 4057}, {"price": 7362, "isBuy": true, "qty": 125}, {"price": 7361, "isBuy": true, "qty": 4057}, {"price": 7326, "isBuy": true, "qty": 250}, {"price": 7324, "isBuy": true, "qty": 4057}, {"price": 4646, "isBuy": true, "qty": 500}, {"price": 4600, "isBuy": true, "qty": 999}], "symbol": "CEEW", "venue": "ZEYMEX", "ts": "2016-04-29T17:02:22.279505894Z"}, {"ok": true, "asks": [{"price": 7554, "isBuy": false, "qty": 119}, {"price": 7981, "isBuy": false, "qty": 5899}, {"price": 8020, "isBuy": false, "qty": 5899}, {"price": 8059, "isBuy": false, "qty": 5899}], "bids": [{"price": 7398, "isBuy": true, "qty": 4057}, {"price": 7362, "isBuy": true, "qty": 125}, {"price": 7361, "isBuy": true, "qty": 4057}, {"price": 7326, "isBuy": true, "qty": 250}, {"price": 7324, "isBuy": true, "qty": 4057}, {"price": 4646, "isBuy": true, "qty": 500}, {"price": 4600, "isBuy": true, "qty": 999}], "symbol": "CEEW", "venue": "ZEYMEX", "ts": "2016-04-29T17:02:22.499188189Z"}, {"ok": true, "asks": [{"price": 7554, "isBuy": false, "qty": 119}, {"price": 7981, "isBuy": false, "qty": 5899}, {"price": 8020, "isBuy": false, "qty": 5899}, {"price": 8059, "isBuy": false, "qty": 5899}], "bids": [{"price": 7398, "isBuy": true, "qty": 4057}, {"price": 7362, "isBuy": true, "qty": 125}, {"price": 7361, "isBuy": true, "qty": 4057}, {"price": 7326, "isBuy": true, "qty": 250}, {"price": 7324, "isBuy": true, "qty": 4057}, {"price": 4646, "isBuy": true, "qty": 500}, {"price": 4600, "isBuy": true, "qty": 999}], "symbol": "CEEW", "venue": "ZEYMEX", "ts": "2016-04-29T17:02:22.600179025Z"}, {"ok": true, "asks": [{"price": 7554, "isBuy": false, "qty": 119}, {"price": 7981, "isBuy": false, "qty": 5899}, {"price": 8020, "isBuy": false, "qty": 5899}, {"price": 8059, "isBuy": false, "qty": 5899}], "bids": [{"price": 7398, "isBuy": true, "qty": 4057}, {"price": 7362, "isBuy": true, "qty": 125}, {"price": 7361, "isBuy": true, "qty": 4057}, {"price": 7326, "isBuy": true, "qty": 250}, {"price": 7324, "isBuy": true, "qty": 4057}, {"price": 4646, "isBuy": true, "qty": 500}, {"price": 4600, "isBuy": true, "qty": 999}], "symbol": "CEEW", "venue": "ZEYMEX", "ts": "2016-04-29T17:02:22.603588346Z"}, {"ok": true, "asks": [{"price": 7554, "isBuy": false, "qty": 119}, {"price": 7981, "isBuy": false, "qty": 5899}, {"price": 8020, "isBuy": false, "qty": 5899}, {"price": 8059, "isBuy": false, "qty": 5899}], "bids": [{"price": 7398, "isBuy": true, "qty": 4057}, {"price": 7362, "isBuy": true, "qty": 125}, {"price": 7361, "isBuy": true, "qty": 4057}, {"price": 7326, "isBuy": true, "qty": 250}, {"price": 7324, "isBuy": true, "qty": 4057}, {"price": 4646, "isBuy": true, "qty": 500}, {"price": 4600, "isBuy": true, "qty": 999}], "symbol": "CEEW", "venue": "ZEYMEX", "ts": "2016-04-29T17:02:22.739749062Z"}, {"ok": true, "asks": [{"price": 7855, "isBuy": false, "qty": 5880}, {"price": 7894, "isBuy": false, "qty": 5880}, {"price": 7933, "isBuy": false, "qty": 5880}], "bids": [{"price": 7729, "isBuy": true, "qty": 16}, {"price": 7691, "isBuy": true, "qty": 16}, {"price": 7653, "isBuy": true, "qty": 16}, {"price": 7435, "isBuy": true, "qty": 16}, {"price": 7362, "isBuy": true, "qty": 125}, {"price": 7326, "isBuy": true, "qty": 250}, {"price": 4646, "isBuy": true, "qty": 500}, {"price": 4600, "isBuy": true, "qty": 999}], "symbol": "CEEW", "venue": "ZEYMEX", "ts": "2016-04-29T17:02:26.051425558Z"}, {"ok": true, "asks": [{"price": 7805, "isBuy": false, "qty": 5880}, {"price": 7843, "isBuy": false, "qty": 5880}, {"price": 7881, "isBuy": false, "qty": 5880}, {"price": 7901, "isBuy": false, "qty": 47}], "bids": [{"price": 7729, "isBuy": true, "qty": 4104}, {"price": 7691, "isBuy": true, "qty": 4104}, {"price": 7653, "isBuy": true, "qty": 4104}, {"price": 7435, "isBuy": true, "qty": 16}, {"price": 7362, "isBuy": true, "qty": 125}, {"price": 7326, "isBuy": true, "qty": 250}, {"price": 4646, "isBuy": true, "qty": 500}, {"price": 4600, "isBuy": true, "qty": 999}], "symbol": "CEEW", "venue": "ZEYMEX", "ts": "2016-04-29T17:02:26.168850588Z"}, {"ok": true, "asks": [{"price": 7805, "isBuy": false, "qty": 5880}, {"price": 7843, "isBuy": false, "qty": 5880}, {"price": 7881, "isBuy": false, "qty": 5880}, {"price": 7901, "isBuy": false, "qty": 47}], "bids": [{"price": 7729, "isBuy": true, "qty": 4104}, {"price": 7691, "isBuy": true, "qty": 4104}, {"price": 7653, "isBuy": true, "qty": 4104}, {"price": 7435, "isBuy": true, "qty": 16}, {"price": 7362, "isBuy": true, "qty": 125}, {"price": 7326, "isBuy": true, "qty": 250}, {"price": 4646, "isBuy": true, "qty": 500}, {"price": 4600, "isBuy": true, "qty": 999}], "symbol": "CEEW", "venue": "ZEYMEX", "ts": "2016-04-29T17:02:26.285054694Z"}, {"ok": true, "asks": [{"price": 7805, "isBuy": false, "qty": 5880}, {"price": 7843, "isBuy": false, "qty": 5880}, {"price": 7881, "isBuy": false, "qty": 5880}, {"price": 7901, "isBuy": false, "qty": 47}], "bids": [{"price": 7729, "isBuy": true, "qty": 4104}, {"price": 7691, "isBuy": true, "qty": 4104}, {"price": 7653, "isBuy": true, "qty": 4104}, {"price": 7435, "isBuy": true, "qty": 16}, {"price": 7362, "isBuy": true, "qty": 125}, {"price": 7326, "isBuy": true, "qty": 250}, {"price": 4646, "isBuy": true, "qty": 500}, {"price": 4600, "isBuy": true, "qty": 999}], "symbol": "CEEW", "venue": "ZEYMEX", "ts": "2016-04-29T17:02:26.389766488Z"}, {"ok": true, "asks": [{"price": 7805, "isBuy": false, "qty": 5880}, {"price": 7843, "isBuy": false, "qty": 5880}, {"price": 7881, "isBuy": false, "qty": 5880}, {"price": 7901, "isBuy": false, "qty": 47}], "bids": [{"price": 7729, "isBuy": true, "qty": 4104}, {"price": 7691, "isBuy": true, "qty": 4104}, {"price": 7653, "isBuy": true, "qty": 4104}, {"price": 7435, "isBuy": true, "qty": 16}, {"price": 7362, "isBuy": true, "qty": 125}, {"price": 7326, "isBuy": true, "qty": 250}, {"price": 4646, "isBuy": true, "qty": 500}, {"price": 4600, "isBuy": true, "qty": 999}], "symbol": "CEEW", "venue": "ZEYMEX", "ts": "2016-04-29T17:02:26.49238244Z"}, {"ok": true, "asks": [{"price": 7805, "isBuy": false, "qty": 5880}, {"price": 7843, "isBuy": false, "qty": 5880}, {"price": 7881, "isBuy": false, "qty": 5880}, {"price": 7901, "isBuy": false, "qty": 47}], "bids": [{"price": 7729, "isBuy": true, "qty": 4104}, {"price": 7691, "isBuy": true, "qty": 4104}, {"price": 7653, "isBuy": true, "qty": 4104}, {"price": 7435, "isBuy": true, "qty": 16}, {"price": 7362, "isBuy": true, "qty": 125}, {"price": 7326, "isBuy": true, "qty": 250}, {"price": 4646, "isBuy": true, "qty": 500}, {"price": 4600, "isBuy": true, "qty": 999}], "symbol": "CEEW", "venue": "ZEYMEX", "ts": "2016-04-29T17:02:26.500268666Z"}, {"ok": true, "asks": [{"price": 7764, "isBuy": false, "qty": 15}, {"price": 7805, "isBuy": false, "qty": 5880}, {"price": 7843, "isBuy": false, "qty": 5880}, {"price": 7881, "isBuy": false, "qty": 5880}, {"price": 7901, "isBuy": false, "qty": 47}], "bids": [{"price": 7729, "isBuy": true, "qty": 4104}, {"price": 7691, "isBuy": true, "qty": 4104}, {"price": 7653, "isBuy": true, "qty": 4104}, {"price": 7435, "isBuy": true, "qty": 16}, {"price": 7362, "isBuy": true, "qty": 125}, {"price": 7326, "isBuy": true, "qty": 250}, {"price": 4646, "isBuy": true, "qty": 500}, {"price": 4600, "isBuy": true, "qty": 999}], "symbol": "CEEW", "venue": "ZEYMEX", "ts": "2016-04-29T17:02:29.649275525Z"}, {"ok": true, "asks": [{"price": 7764, "isBuy": false, "qty": 15}, {"price": 7805, "isBuy": false, "qty": 5880}, {"price": 7843, "isBuy": false, "qty": 5880}, {"price": 7881, "isBuy": false, "qty": 5880}, {"price": 7901, "isBuy": false, "qty": 47}], "bids": [{"price": 7729, "isBuy": true, "qty": 4104}, {"price": 7691, "isBuy": true, "qty": 4104}, {"price": 7653, "isBuy": true, "qty": 4104}, {"price": 7435, "isBuy": true, "qty": 16}, {"price": 7362, "isBuy": true, "qty": 125}, {"price": 7326, "isBuy": true, "qty": 250}, {"price": 4646, "isBuy": true, "qty": 500}, {"price": 4600, "isBuy": true, "qty": 999}], "symbol": "CEEW", "venue": "ZEYMEX", "ts": "2016-04-29T17:02:29.79327492Z"}, {"ok": true, "asks": [{"price": 7764, "isBuy": false, "qty": 15}, {"price": 7805, "isBuy": false, "qty": 5880}, {"price": 7843, "isBuy": false, "qty": 5880}, {"price": 7881, "isBuy": false, "qty": 5880}, {"price": 7901, "isBuy": false, "qty": 47}], "bids": [{"price": 7729, "isBuy": true, "qty": 4104}, {"price": 7691, "isBuy": true, "qty": 4104}, {"price": 7653, "isBuy": true, "qty": 4104}, {"price": 7435, "isBuy": true, "qty": 16}, {"price": 7362, "isBuy": true, "qty": 125}, {"price": 7326, "isBuy": true, "qty": 250}, {"price": 4646, "isBuy": true, "qty": 500}, {"price": 4600, "isBuy": true, "qty": 999}], "symbol": "CEEW", "venue": "ZEYMEX", "ts": "2016-04-29T17:02:29.911606681Z"}, {"ok": true, "asks": [{"price": 7764, "isBuy": false, "qty": 15}, {"price": 7805, "isBuy": false, "qty": 5880}, {"price": 7843, "isBuy": false, "qty": 5880}, {"price": 7881, "isBuy": false, "qty": 5880}, {"price": 7901, "isBuy": false, "qty": 47}], "bids": [{"price": 7729, "isBuy": true, "qty": 4104}, {"price": 7691, "isBuy": true, "qty": 4104}, {"price": 7653, "isBuy": true, "qty": 4104}, {"price": 7435, "isBuy": true, "qty": 16}, {"price": 7362, "isBuy": true, "qty": 125}, {"price": 7326, "isBuy": true, "qty": 250}, {"price": 4646, "isBuy": true, "qty": 500}, {"price": 4600, "isBuy": true, "qty": 999}], "symbol": "CEEW", "venue": "ZEYMEX", "ts": "2016-04-29T17:02:30.002995094Z"}, {"ok": true, "asks": [{"price": 7764, "isBuy": false, "qty": 15}, {"price": 7805, "isBuy": false, "qty": 5880}, {"price": 7843, "isBuy": false, "qty": 5880}, {"price": 7881, "isBuy": false, "qty": 5880}, {"price": 7901, "isBuy": false, "qty": 47}], "bids": [{"price": 7729, "isBuy": true, "qty": 4104}, {"price": 7691, "isBuy": true, "qty": 4104}, {"price": 7653, "isBuy": true, "qty": 4104}, {"price": 7435, "isBuy": true, "qty": 16}, {"price": 7362, "isBuy": true, "qty": 125}, {"price": 7326, "isBuy": true, "qty": 250}, {"price": 4646, "isBuy": true, "qty": 500}, {"price": 4600, "isBuy": true, "qty": 999}], "symbol": "CEEW", "venue": "ZEYMEX", "ts": "2016-04-29T17:02:30.160280481Z"}, {"ok": true, "asks": [{"price": 7764, "isBuy": false, "qty": 15}, {"price": 7805, "isBuy": false, "qty": 5880}, {"price": 7843, "isBuy": false, "qty": 5880}, {"price": 7881, "isBuy": false, "qty": 5880}, {"price": 7901, "isBuy": false, "qty": 47}], "bids": [{"price": 7729, "isBuy": true, "qty": 4104}, {"price": 7691, "isBuy": true, "qty": 4104}, {"price": 7653, "isBuy": true, "qty": 4104}, {"price": 7435, "isBuy": true, "qty": 16}, {"price": 7362, "isBuy": true, "qty": 125}, {"price": 7326, "isBuy": true, "qty": 250}, {"price": 4646, "isBuy": true, "qty": 500}, {"price": 4600, "isBuy": true, "qty": 999}], "symbol": "CEEW", "venue": "ZEYMEX", "ts": "2016-04-29T17:02:30.279265078Z"}, {"ok": true, "asks": [{"price": 7764, "isBuy": false, "qty": 15}, {"price": 7805, "isBuy": false, "qty": 5880}, {"price": 7843, "isBuy": false, "qty": 5880}, {"price": 7881, "isBuy": false, "qty": 5880}, {"price": 7901, "isBuy": false, "qty": 47}], "bids": [{"price": 7729, "isBuy": true, "qty": 4104}, {"price": 7691, "isBuy": true, "qty": 4104}, {"price": 7653, "isBuy": true, "qty": 4104}, {"price": 7435, "isBuy": true, "qty": 16}, {"price": 7362, "isBuy": true, "qty": 125}, {"price": 7326, "isBuy": true, "qty": 250}, {"price": 4646, "isBuy": true, "qty": 500}, {"price": 4600, "isBuy": true, "qty": 999}], "symbol": "CEEW", "venue": "ZEYMEX", "ts": "2016-04-29T17:02:30.414299341Z"}, {"ok": true, "asks": [{"price": 7764, "isBuy": false, "qty": 15}, {"price": 7805, "isBuy": false, "qty": 5880}, {"price": 7843, "isBuy": false, "qty": 5880}, {"price": 7881, "isBuy": false, "qty": 5880}], "bids": [{"price": 7729, "isBuy": true, "qty": 4104}, {"price": 7691, "isBuy": true, "qty": 4104}, {"price": 7653, "isBuy": true, "qty": 4104}, {"price": 7435, "isBuy": true, "qty": 16}, {"price": 7362, "isBuy": true, "qty": 125}, {"price": 7326, "isBuy": true, "qty": 250}, {"price": 4646, "isBuy": true, "qty": 500}, {"price": 4600, "isBuy": true, "qty": 999}], "symbol": "CEEW", "venue": "ZEYMEX", "ts": "2016-04-29T17:02:30.608437761Z"}, {"ok": true, "asks": [{"price": 7726, "isBuy": false, "qty": 24}, {"price": 8007, "isBuy": false, "qty": 5957}, {"price": 8046, "isBuy": false, "qty": 5957}, {"price": 8085, "isBuy": false, "qty": 5957}], "bids": [{"price": 7435, "isBuy": true, "qty": 16}, {"price": 7362, "isBuy": true, "qty": 125}, {"price": 7326, "isBuy": true, "qty": 250}, {"price": 4646, "isBuy": true, "qty": 500}, {"price": 4600, "isBuy": true, "qty": 999}], "symbol": "CEEW", "venue": "ZEYMEX", "ts": "2016-04-29T17:02:33.260396361Z"}, {"ok": true, "asks": [{"price": 7726, "isBuy": false, "qty": 24}, {"price": 8007, "isBuy": false, "qty": 5957}, {"price": 8046, "isBuy": false, "qty": 5957}, {"price": 8085, "isBuy": false, "qty": 5957}], "bids": [{"price": 7435, "isBuy": true, "qty": 16}, {"price": 7362, "isBuy": true, "qty": 125}, {"price": 7326, "isBuy": true, "qty": 250}, {"price": 4646, "isBuy": true, "qty": 500}, {"price": 4600, "isBuy": true, "qty": 999}], "symbol": "CEEW", "venue": "ZEYMEX", "ts": "2016-04-29T17:02:33.890300088Z"}, {"ok": true, "asks": [{"price": 7726, "isBuy": false, "qty": 24}, {"price": 8007, "isBuy": false, "qty": 5957}, {"price": 8046, "isBuy": false, "qty": 5957}, {"price": 8085, "isBuy": false, "qty": 5957}], "bids": [{"price": 7435, "isBuy": true, "qty": 16}, {"price": 7362, "isBuy": true, "qty": 125}, {"price": 7326, "isBuy": true, "qty": 250}, {"price": 4646, "isBuy": true, "qty": 500}, {"price": 4600, "isBuy": true, "qty": 999}], "symbol": "CEEW", "venue": "ZEYMEX", "ts": "2016-04-29T17:02:34.006485582Z"}, {"ok": true, "asks": [{"price": 7726, "isBuy": false, "qty": 24}, {"price": 8007, "isBuy": false, "qty": 5957}, {"price": 8046, "isBuy": false, "qty": 5957}, {"price": 8085, "isBuy": false, "qty": 5957}], "bids": [{"price": 7435, "isBuy": true, "qty": 16}, {"price": 7362, "isBuy": true, "qty": 125}, {"price": 7326, "isBuy": true, "qty": 250}, {"price": 4646, "isBuy": true, "qty": 500}, {"price": 4600, "isBuy": true, "qty": 999}], "symbol": "CEEW", "venue": "ZEYMEX", "ts": "2016-04-29T17:02:34.113755406Z"}, {"ok": true, "asks": [{"price": 7726, "isBuy": false, "qty": 24}, {"price": 8007, "isBuy": false, "qty": 5957}, {"price": 8046, "isBuy": false, "qty": 5957}, {"price": 8085, "isBuy": false, "qty": 5957}], "bids": [{"price": 7435, "isBuy": true, "qty": 16}, {"price": 7362, "isBuy": true, "qty": 125}, {"price": 7326, "isBuy": true, "qty": 250}, {"price": 4646, "isBuy": true, "qty": 500}, {"price": 4600, "isBuy": true, "qty": 999}], "symbol": "CEEW", "venue": "ZEYMEX", "ts": "2016-04-29T17:02:34.209807366Z"}, {"ok": true, "asks": [{"price": 7726, "isBuy": false, "qty": 24}, {"price": 8007, "isBuy": false, "qty": 5957}, {"price": 8046, "isBuy": false, "qty": 5957}, {"price": 8085, "isBuy": false, "qty": 5957}], "bids": [{"price": 7435, "isBuy": true, "qty": 16}, {"price": 7362, "isBuy": true, "qty": 125}, {"price": 7326, "isBuy": true, "qty": 250}, {"price": 4646, "isBuy": true, "qty": 500}, {"price": 4600, "isBuy": true, "qty": 999}], "symbol": "CEEW", "venue": "ZEYMEX", "ts": "2016-04-29T17:02:34.303955395Z"}, {"ok": true, "asks": [{"price": 7726, "isBuy": false, "qty": 24}, {"price": 8007, "isBuy": false, "qty": 5957}, {"price": 8046, "isBuy": false, "qty": 5957}, {"price": 8085, "isBuy": false, "qty": 5957}], "bids": [{"price": 7435, "isBuy": true, "qty": 16}, {"price": 7362, "isBuy": true, "qty": 125}, {"price": 7326, "isBuy": true, "qty": 250}, {"price": 4646, "isBuy": true, "qty": 500}, {"price": 4600, "isBuy": true, "qty": 999}], "symbol": "CEEW", "venue": "ZEYMEX", "ts": "2016-04-29T17:02:34.424780783Z"}, {"ok": true, "asks": [{"price": 7623, "isBuy": false, "qty": 5866}, {"price": 7660, "isBuy": false, "qty": 5866}, {"price": 7697, "isBuy": false, "qty": 5866}, {"price": 7726, "isBuy": false, "qty": 24}, {"price": 7926, "isBuy": false, "qty": 27}], "bids": [{"price": 7549, "isBuy": true, "qty": 4023}, {"price": 7512, "isBuy": true, "qty": 4023}, {"price": 7475, "isBuy": true, "qty": 4023}, {"price": 7435, "isBuy": true, "qty": 23}, {"price": 7362, "isBuy": true, "qty": 125}, {"price": 7326, "isBuy": true, "qty": 250}, {"price": 4646, "isBuy": true, "qty": 500}, {"price": 4600, "isBuy": true, "qty": 999}], "symbol": "CEEW", "venue": "ZEYMEX", "ts": "2016-04-29T17:02:36.301265153Z"}, {"ok": true, "asks": [{"price": 7623, "isBuy": false, "qty": 5866}, {"price": 7660, "isBuy": false, "qty": 5866}, {"price": 7697, "isBuy": false, "qty": 5866}, {"price": 7726, "isBuy": false, "qty": 24}, {"price": 7926, "isBuy": false, "qty": 27}], "bids": [{"price": 7549, "isBuy": true, "qty": 4023}, {"price": 7512, "isBuy": true, "qty": 4023}, {"price": 7475, "isBuy": true, "qty": 4023}, {"price": 7435, "isBuy": true, "qty": 23}, {"price": 7362, "isBuy": true, "qty": 125}, {"price": 7326, "isBuy": true, "qty": 250}, {"price": 4646, "isBuy": true, "qty": 500}, {"price": 4600, "isBuy": true, "qty": 999}], "symbol": "CEEW", "venue": "ZEYMEX", "ts": "2016-04-29T17:02:37.918122337Z"}, {"ok": true, "asks": [{"price": 7623, "isBuy": false, "qty": 5866}, {"price": 7660, "isBuy": false, "qty": 5866}, {"price": 7697, "isBuy": false, "qty": 5866}, {"price": 7926, "isBuy": false, "qty": 27}], "bids": [{"price": 7549, "isBuy": true, "qty": 4023}, {"price": 7512, "isBuy": true, "qty": 4023}, {"price": 7475, "isBuy": true, "qty": 4023}, {"price": 7435, "isBuy": true, "qty": 23}, {"price": 7362, "isBuy": true, "qty": 125}, {"price": 7326, "isBuy": true, "qty": 250}, {"price": 4646, "isBuy": true, "qty": 500}, {"price": 4600, "isBuy": true, "qty": 999}], "symbol": "CEEW", "venue": "ZEYMEX", "ts": "2016-04-29T17:02:38.110758865Z"}, {"ok": true, "asks": [{"price": 7623, "isBuy": false, "qty": 5866}, {"price": 7660, "isBuy": false, "qty": 5866}, {"price": 7697, "isBuy": false, "qty": 5866}, {"price": 7926, "isBuy": false, "qty": 27}], "bids": [{"price": 7549, "isBuy": true, "qty": 4023}, {"price": 7512, "isBuy": true, "qty": 4023}, {"price": 7475, "isBuy": true, "qty": 4023}, {"price": 7435, "isBuy": true, "qty": 23}, {"price": 7362, "isBuy": true, "qty": 125}, {"price": 7326, "isBuy": true, "qty": 250}, {"price": 4646, "isBuy": true, "qty": 500}, {"price": 4600, "isBuy": true, "qty": 999}], "symbol": "CEEW", "venue": "ZEYMEX", "ts": "2016-04-29T17:02:38.23256136Z"}, {"ok": true, "asks": [{"price": 7623, "isBuy": false, "qty": 5866}, {"price": 7660, "isBuy": false, "qty": 5866}, {"price": 7697, "isBuy": false, "qty": 5866}], "bids": [{"price": 7549, "isBuy": true, "qty": 4023}, {"price": 7512, "isBuy": true, "qty": 4023}, {"price": 7475, "isBuy": true, "qty": 4023}, {"price": 7435, "isBuy": true, "qty": 23}, {"price": 7362, "isBuy": true, "qty": 125}, {"price": 7326, "isBuy": true, "qty": 250}, {"price": 4646, "isBuy": true, "qty": 500}, {"price": 4600, "isBuy": true, "qty": 999}], "symbol": "CEEW", "venue": "ZEYMEX", "ts": "2016-04-29T17:02:38.452904434Z"}, {"ok": true, "asks": [{"price": 7623, "isBuy": false, "qty": 5866}, {"price": 7660, "isBuy": false, "qty": 5866}, {"price": 7697, "isBuy": false, "qty": 5866}], "bids": [{"price": 7587, "isBuy": true, "qty": 12}, {"price": 7549, "isBuy": true, "qty": 4023}, {"price": 7512, "isBuy": true, "qty": 4023}, {"price": 7475, "isBuy": true, "qty": 4023}, {"price": 7435, "isBuy": true, "qty": 23}, {"price": 7362, "isBuy": true, "qty": 125}, {"price": 7326, "isBuy": true, "qty": 250}, {"price": 4646, "isBuy": true, "qty": 500}, {"price": 4600, "isBuy": true, "qty": 999}], "symbol": "CEEW", "venue": "ZEYMEX", "ts": "2016-04-29T17:02:38.597926791Z"}, {"ok": true, "asks": [{"price": 7623, "isBuy": false, "qty": 5866}, {"price": 7660, "isBuy": false, "qty": 5866}, {"price": 7697, "isBuy": false, "qty": 5866}], "bids": [{"price": 7587, "isBuy": true, "qty": 12}, {"price": 7549, "isBuy": true, "qty": 4023}, {"price": 7512, "isBuy": true, "qty": 4023}, {"price": 7475, "isBuy": true, "qty": 4023}, {"price": 7435, "isBuy": true, "qty": 23}, {"price": 7362, "isBuy": true, "qty": 125}, {"price": 7326, "isBuy": true, "qty": 250}, {"price": 4646, "isBuy": true, "qty": 500}, {"price": 4600, "isBuy": true, "qty": 999}], "symbol": "CEEW", "venue": "ZEYMEX", "ts": "2016-04-29T17:02:38.754430899Z"}, {"ok": true, "asks": [{"price": 7623, "isBuy": false, "qty": 5866}, {"price": 7660, "isBuy": false, "qty": 5866}, {"price": 7697, "isBuy": false, "qty": 5866}], "bids": [{"price": 7587, "isBuy": true, "qty": 12}, {"price": 7549, "isBuy": true, "qty": 4023}, {"price": 7512, "isBuy": true, "qty": 4023}, {"price": 7475, "isBuy": true, "qty": 4023}, {"price": 7435, "isBuy": true, "qty": 23}, {"price": 7362, "isBuy": true, "qty": 125}, {"price": 7326, "isBuy": true, "qty": 250}, {"price": 4646, "isBuy": true, "qty": 500}, {"price": 4600, "isBuy": true, "qty": 999}], "symbol": "CEEW", "venue": "ZEYMEX", "ts": "2016-04-29T17:02:38.852184612Z"}, {"ok": true, "asks": [{"price": 7623, "isBuy": false, "qty": 5866}, {"price": 7660, "isBuy": false, "qty": 5866}, {"price": 7697, "isBuy": false, "qty": 5866}], "bids": [{"price": 7587, "isBuy": true, "qty": 12}, {"price": 7549, "isBuy": true, "qty": 4023}, {"price": 7512, "isBuy": true, "qty": 4023}, {"price": 7475, "isBuy": true, "qty": 4023}, {"price": 7435, "isBuy": true, "qty": 23}, {"price": 7362, "isBuy": true, "qty": 125}, {"price": 7326, "isBuy": true, "qty": 250}, {"price": 4646, "isBuy": true, "qty": 500}, {"price": 4600, "isBuy": true, "qty": 999}], "symbol": "CEEW", "venue": "ZEYMEX", "ts": "2016-04-29T17:02:39.292415021Z"}, {"ok": true, "asks": [{"price": 7722, "isBuy": false, "qty": 5781}, {"price": 7760, "isBuy": false, "qty": 5781}, {"price": 7798, "isBuy": false, "qty": 5781}], "bids": [{"price": 7624, "isBuy": true, "qty": 6}, {"price": 7435, "isBuy": true, "qty": 23}, {"price": 7362, "isBuy": true, "qty": 125}, {"price": 7326, "isBuy": true, "qty": 250}, {"price": 4646, "isBuy": true, "qty": 500}, {"price": 4600, "isBuy": true, "qty": 999}], "symbol": "CEEW", "venue": "ZEYMEX", "ts": "2016-04-29T17:02:42.128084293Z"}, {"ok": true, "asks": [{"price": 7722, "isBuy": false, "qty": 5781}, {"price": 7760, "isBuy": false, "qty": 5781}, {"price": 7798, "isBuy": false, "qty": 5781}], "bids": [{"price": 7624, "isBuy": true, "qty": 6}, {"price": 7435, "isBuy": true, "qty": 23}, {"price": 7362, "isBuy": true, "qty": 125}, {"price": 7326, "isBuy": true, "qty": 250}, {"price": 4646, "isBuy": true, "qty": 500}, {"price": 4600, "isBuy": true, "qty": 999}], "symbol": "CEEW", "venue": "ZEYMEX", "ts": "2016-04-29T17:02:42.221368247Z"}, {"ok": true, "asks": [{"price": 7722, "isBuy": false, "qty": 5781}, {"price": 7760, "isBuy": false, "qty": 5781}, {"price": 7798, "isBuy": false, "qty": 5781}], "bids": [{"price": 7435, "isBuy": true, "qty": 23}, {"price": 7362, "isBuy": true, "qty": 125}, {"price": 7326, "isBuy": true, "qty": 250}, {"price": 4646, "isBuy": true, "qty": 500}, {"price": 4600, "isBuy": true, "qty": 999}], "symbol": "CEEW", "venue": "ZEYMEX", "ts": "2016-04-29T17:02:42.477580219Z"}, {"ok": true, "asks": [{"price": 7722, "isBuy": false, "qty": 5781}, {"price": 7760, "isBuy": false, "qty": 5781}, {"price": 7798, "isBuy": false, "qty": 5781}], "bids": [{"price": 7435, "isBuy": true, "qty": 23}, {"price": 7362, "isBuy": true, "qty": 125}, {"price": 7326, "isBuy": true, "qty": 250}, {"price": 4646, "isBuy": true, "qty": 500}, {"price": 4600, "isBuy": true, "qty": 999}], "symbol": "CEEW", "venue": "ZEYMEX", "ts": "2016-04-29T17:02:42.576900298Z"}, {"ok": true, "asks": [{"price": 7722, "isBuy": false, "qty": 5781}, {"price": 7760, "isBuy": false, "qty": 5781}, {"price": 7798, "isBuy": false, "qty": 5781}], "bids": [{"price": 7435, "isBuy": true, "qty": 23}, {"price": 7362, "isBuy": true, "qty": 125}, {"price": 7326, "isBuy": true, "qty": 250}, {"price": 4646, "isBuy": true, "qty": 500}, {"price": 4600, "isBuy": true, "qty": 999}], "symbol": "CEEW", "venue": "ZEYMEX", "ts": "2016-04-29T17:02:42.690275159Z"}, {"ok": true, "asks": [{"price": 7722, "isBuy": false, "qty": 5781}, {"price": 7760, "isBuy": false, "qty": 5781}, {"price": 7798, "isBuy": false, "qty": 5781}], "bids": [{"price": 7435, "isBuy": true, "qty": 23}, {"price": 7362, "isBuy": true, "qty": 125}, {"price": 7326, "isBuy": true, "qty": 250}, {"price": 4646, "isBuy": true, "qty": 500}, {"price": 4600, "isBuy": true, "qty": 999}], "symbol": "CEEW", "venue": "ZEYMEX", "ts": "2016-04-29T17:02:42.787923929Z"}, {"ok": true, "asks": [{"price": 7722, "isBuy": false, "qty": 5781}, {"price": 7760, "isBuy": false, "qty": 5781}, {"price": 7798, "isBuy": false, "qty": 5781}], "bids": [{"price": 7435, "isBuy": true, "qty": 23}, {"price": 7362, "isBuy": true, "qty": 125}, {"price": 7326, "isBuy": true, "qty": 250}, {"price": 4646, "isBuy": true, "qty": 500}, {"price": 4600, "isBuy": true, "qty": 999}], "symbol": "CEEW", "venue": "ZEYMEX", "ts": "2016-04-29T17:02:42.860507894Z"}, {"ok": true, "asks": [{"price": 7472, "isBuy": false, "qty": 4916}, {"price": 7509, "isBuy": false, "qty": 5781}, {"price": 7546, "isBuy": false, "qty": 5781}, {"price": 7682, "isBuy": false, "qty": 45}], "bids": [{"price": 7367, "isBuy": true, "qty": 4036}, {"price": 7362, "isBuy": true, "qty": 125}, {"price": 7330, "isBuy": true, "qty": 4218}, {"price": 7326, "isBuy": true, "qty": 250}, {"price": 7293, "isBuy": true, "qty": 4218}, {"price": 4646, "isBuy": true, "qty": 500}, {"price": 4600, "isBuy": true, "qty": 999}], "symbol": "CEEW", "venue": "ZEYMEX", "ts": "2016-04-29T17:02:45.98998461Z"}, {"ok": true, "asks": [{"price": 7441, "isBuy": false, "qty": 4065}, {"price": 7478, "isBuy": false, "qty": 4065}, {"price": 7515, "isBuy": false, "qty": 4065}, {"price": 10451, "isBuy": false, "qty": 46510}], "bids": [{"price": 7367, "isBuy": true, "qty": 4218}, {"price": 7362, "isBuy": true, "qty": 125}, {"price": 7330, "isBuy": true, "qty": 4218}, {"price": 7326, "isBuy": true, "qty": 250}, {"price": 7293, "isBuy": true, "qty": 4218}, {"price": 4646, "isBuy": true, "qty": 500}, {"price": 4600, "isBuy": true, "qty": 999}], "symbol": "CEEW", "venue": "ZEYMEX", "ts": "2016-04-29T17:02:46.087839054Z"}, {"ok": true, "asks": [{"price": 7441, "isBuy": false, "qty": 4065}, {"price": 7478, "isBuy": false, "qty": 4065}, {"price": 7515, "isBuy": false, "qty": 4065}, {"price": 10451, "isBuy": false, "qty": 46510}], "bids": [{"price": 7367, "isBuy": true, "qty": 4218}, {"price": 7362, "isBuy": true, "qty": 125}, {"price": 7330, "isBuy": true, "qty": 4218}, {"price": 7326, "isBuy": true, "qty": 250}, {"price": 7293, "isBuy": true, "qty": 4218}, {"price": 4646, "isBuy": true, "qty": 500}, {"price": 4600, "isBuy": true, "qty": 999}], "symbol": "CEEW", "venue": "ZEYMEX", "ts": "2016-04-29T17:02:46.294077472Z"}, {"ok": true, "asks": [{"price": 7441, "isBuy": false, "qty": 4065}, {"price": 7478, "isBuy": false, "qty": 4065}, {"price": 7515, "isBuy": false, "qty": 4065}, {"price": 10451, "isBuy": false, "qty": 46510}], "bids": [{"price": 7367, "isBuy": true, "qty": 4218}, {"price": 7362, "isBuy": true, "qty": 125}, {"price": 7330, "isBuy": true, "qty": 4218}, {"price": 7326, "isBuy": true, "qty": 250}, {"price": 7293, "isBuy": true, "qty": 4218}, {"price": 4646, "isBuy": true, "qty": 500}, {"price": 4600, "isBuy": true, "qty": 999}], "symbol": "CEEW", "venue": "ZEYMEX", "ts": "2016-04-29T17:02:46.39622588Z"}, {"ok": true, "asks": [{"price": 7441, "isBuy": false, "qty": 4065}, {"price": 7478, "isBuy": false, "qty": 4065}, {"price": 7515, "isBuy": false, "qty": 4065}, {"price": 10451, "isBuy": false, "qty": 46510}], "bids": [{"price": 7367, "isBuy": true, "qty": 4218}, {"price": 7362, "isBuy": true, "qty": 125}, {"price": 7330, "isBuy": true, "qty": 4218}, {"price": 7326, "isBuy": true, "qty": 250}, {"price": 7293, "isBuy": true, "qty": 4218}, {"price": 4646, "isBuy": true, "qty": 500}, {"price": 4600, "isBuy": true, "qty": 999}], "symbol": "CEEW", "venue": "ZEYMEX", "ts": "2016-04-29T17:02:46.498170753Z"}, {"ok": true, "asks": [{"price": 7441, "isBuy": false, "qty": 4065}, {"price": 7478, "isBuy": false, "qty": 4065}, {"price": 7515, "isBuy": false, "qty": 4065}, {"price": 10451, "isBuy": false, "qty": 46510}], "bids": [{"price": 7367, "isBuy": true, "qty": 4218}, {"price": 7362, "isBuy": true, "qty": 125}, {"price": 7330, "isBuy": true, "qty": 4218}, {"price": 7326, "isBuy": true, "qty": 250}, {"price": 7293, "isBuy": true, "qty": 4218}, {"price": 4646, "isBuy": true, "qty": 500}, {"price": 4600, "isBuy": true, "qty": 999}], "symbol": "CEEW", "venue": "ZEYMEX", "ts": "2016-04-29T17:02:46.852654997Z"}, {"ok": true, "asks": [{"price": 7441, "isBuy": false, "qty": 4065}, {"price": 7478, "isBuy": false, "qty": 4065}, {"price": 7515, "isBuy": false, "qty": 4065}, {"price": 10451, "isBuy": false, "qty": 46510}], "bids": [{"price": 7367, "isBuy": true, "qty": 4218}, {"price": 7362, "isBuy": true, "qty": 125}, {"price": 7330, "isBuy": true, "qty": 4218}, {"price": 7326, "isBuy": true, "qty": 250}, {"price": 7293, "isBuy": true, "qty": 4218}, {"price": 4646, "isBuy": true, "qty": 500}, {"price": 4600, "isBuy": true, "qty": 999}], "symbol": "CEEW", "venue": "ZEYMEX", "ts": "2016-04-29T17:02:47.076875836Z"}, {"ok": true, "asks": [{"price": 7441, "isBuy": false, "qty": 4065}, {"price": 7478, "isBuy": false, "qty": 4065}, {"price": 7515, "isBuy": false, "qty": 4065}, {"price": 10451, "isBuy": false, "qty": 46510}], "bids": [{"price": 7367, "isBuy": true, "qty": 4218}, {"price": 7362, "isBuy": true, "qty": 125}, {"price": 7330, "isBuy": true, "qty": 4218}, {"price": 7326, "isBuy": true, "qty": 250}, {"price": 7293, "isBuy": true, "qty": 4218}, {"price": 4646, "isBuy": true, "qty": 500}, {"price": 4600, "isBuy": true, "qty": 999}], "symbol": "CEEW", "venue": "ZEYMEX", "ts": "2016-04-29T17:02:47.277983245Z"}, {"ok": true, "asks": [{"price": 7441, "isBuy": false, "qty": 4065}, {"price": 7478, "isBuy": false, "qty": 4065}, {"price": 7515, "isBuy": false, "qty": 4065}, {"price": 10451, "isBuy": false, "qty": 46510}], "bids": [{"price": 7435, "isBuy": true, "qty": 25}, {"price": 7367, "isBuy": true, "qty": 4218}, {"price": 7362, "isBuy": true, "qty": 125}, {"price": 7330, "isBuy": true, "qty": 4218}, {"price": 7326, "isBuy": true, "qty": 250}, {"price": 7293, "isBuy": true, "qty": 4218}, {"price": 4646, "isBuy": true, "qty": 500}, {"price": 4600, "isBuy": true, "qty": 999}], "symbol": "CEEW", "venue": "ZEYMEX", "ts": "2016-04-29T17:02:49.307783182Z"}, {"ok": true, "asks": [{"price": 7441, "isBuy": false, "qty": 4065}, {"price": 7478, "isBuy": false, "qty": 4065}, {"price": 7515, "isBuy": false, "qty": 4065}, {"price": 10451, "isBuy": false, "qty": 46510}], "bids": [{"price": 7435, "isBuy": true, "qty": 25}, {"price": 7367, "isBuy": true, "qty": 4218}, {"price": 7362, "isBuy": true, "qty": 125}, {"price": 7330, "isBuy": true, "qty": 4218}, {"price": 7326, "isBuy": true, "qty": 250}, {"price": 7293, "isBuy": true, "qty": 4218}, {"price": 4646, "isBuy": true, "qty": 500}, {"price": 4600, "isBuy": true, "qty": 999}], "symbol": "CEEW", "venue": "ZEYMEX", "ts": "2016-04-29T17:02:50.77639199Z"}, {"ok": true, "asks": [{"price": 7412, "isBuy": false, "qty": 3922}, {"price": 7448, "isBuy": false, "qty": 3947}, {"price": 7484, "isBuy": false, "qty": 3947}], "bids": [{"price": 7362, "isBuy": true, "qty": 125}, {"price": 7340, "isBuy": true, "qty": 6040}, {"price": 7326, "isBuy": true, "qty": 250}, {"price": 7304, "isBuy": true, "qty": 6040}, {"price": 7268, "isBuy": true, "qty": 6040}, {"price": 4646, "isBuy": true, "qty": 500}, {"price": 4600, "isBuy": true, "qty": 999}], "symbol": "CEEW", "venue": "ZEYMEX", "ts": "2016-04-29T17:02:52.184465634Z"}, {"ok": true, "asks": [{"price": 7412, "isBuy": false, "qty": 3922}, {"price": 7448, "isBuy": false, "qty": 3947}, {"price": 7484, "isBuy": false, "qty": 3947}], "bids": [{"price": 7362, "isBuy": true, "qty": 125}, {"price": 7340, "isBuy": true, "qty": 6040}, {"price": 7326, "isBuy": true, "qty": 250}, {"price": 7304, "isBuy": true, "qty": 6040}, {"price": 7268, "isBuy": true, "qty": 6040}, {"price": 4646, "isBuy": true, "qty": 500}, {"price": 4600, "isBuy": true, "qty": 999}], "symbol": "CEEW", "venue": "ZEYMEX", "ts": "2016-04-29T17:02:52.291827945Z"}, {"ok": true, "asks": [{"price": 7412, "isBuy": false, "qty": 3922}, {"price": 7448, "isBuy": false, "qty": 3947}, {"price": 7484, "isBuy": false, "qty": 3947}], "bids": [{"price": 7362, "isBuy": true, "qty": 125}, {"price": 7340, "isBuy": true, "qty": 6040}, {"price": 7326, "isBuy": true, "qty": 250}, {"price": 7304, "isBuy": true, "qty": 6040}, {"price": 7268, "isBuy": true, "qty": 6040}, {"price": 4646, "isBuy": true, "qty": 500}, {"price": 4600, "isBuy": true, "qty": 999}], "symbol": "CEEW", "venue": "ZEYMEX", "ts": "2016-04-29T17:02:52.399755039Z"}, {"ok": true, "asks": [{"price": 7412, "isBuy": false, "qty": 3922}, {"price": 7448, "isBuy": false, "qty": 3947}, {"price": 7484, "isBuy": false, "qty": 3947}], "bids": [{"price": 7362, "isBuy": true, "qty": 125}, {"price": 7340, "isBuy": true, "qty": 6040}, {"price": 7326, "isBuy": true, "qty": 250}, {"price": 7304, "isBuy": true, "qty": 6040}, {"price": 7268, "isBuy": true, "qty": 6040}, {"price": 4646, "isBuy": true, "qty": 500}, {"price": 4600, "isBuy": true, "qty": 999}], "symbol": "CEEW", "venue": "ZEYMEX", "ts": "2016-04-29T17:02:52.498067583Z"}, {"ok": true, "asks": [{"price": 7412, "isBuy": false, "qty": 3922}, {"price": 7448, "isBuy": false, "qty": 3947}, {"price": 7484, "isBuy": false, "qty": 3947}], "bids": [{"price": 7340, "isBuy": true, "qty": 6040}, {"price": 7326, "isBuy": true, "qty": 250}, {"price": 7304, "isBuy": true, "qty": 6040}, {"price": 7268, "isBuy": true, "qty": 6040}, {"price": 4646, "isBuy": true, "qty": 500}, {"price": 4600, "isBuy": true, "qty": 999}], "symbol": "CEEW", "venue": "ZEYMEX", "ts": "2016-04-29T17:02:52.626357069Z"}, {"ok": true, "asks": [{"price": 7412, "isBuy": false, "qty": 3847}, {"price": 7448, "isBuy": false, "qty": 3947}, {"price": 7484, "isBuy": false, "qty": 3947}], "bids": [{"price": 7340, "isBuy": true, "qty": 6040}, {"price": 7326, "isBuy": true, "qty": 250}, {"price": 7304, "isBuy": true, "qty": 6040}, {"price": 7268, "isBuy": true, "qty": 6040}, {"price": 4646, "isBuy": true, "qty": 500}, {"price": 4600, "isBuy": true, "qty": 999}], "symbol": "CEEW", "venue": "ZEYMEX", "ts": "2016-04-29T17:02:55.904905291Z"}, {"ok": true, "asks": [{"price": 7400, "isBuy": false, "qty": 3842}, {"price": 7436, "isBuy": false, "qty": 3842}], "bids": [{"price": 7326, "isBuy": true, "qty": 250}, {"price": 4646, "isBuy": true, "qty": 500}, {"price": 4600, "isBuy": true, "qty": 999}], "symbol": "CEEW", "venue": "ZEYMEX", "ts": "2016-04-29T17:02:56.022918224Z"}, {"ok": true, "asks": null, "bids": [{"price": 7292, "isBuy": true, "qty": 6097}, {"price": 7256, "isBuy": true, "qty": 6097}, {"price": 7220, "isBuy": true, "qty": 6097}, {"price": 4646, "isBuy": true, "qty": 500}, {"price": 4600, "isBuy": true, "qty": 999}], "symbol": "CEEW", "venue": "ZEYMEX", "ts": "2016-04-29T17:02:56.235495898Z"}, {"ok": true, "asks": null, "bids": [{"price": 7292, "isBuy": true, "qty": 6097}, {"price": 7256, "isBuy": true, "qty": 6097}, {"price": 7220, "isBuy": true, "qty": 6097}, {"price": 4646, "isBuy": true, "qty": 500}, {"price": 4600, "isBuy": true, "qty": 999}], "symbol": "CEEW", "venue": "ZEYMEX", "ts": "2016-04-29T17:02:56.375007915Z"}, {"ok": true, "asks": null, "bids": [{"price": 7328, "isBuy": true, "qty": 163}, {"price": 7292, "isBuy": true, "qty": 6097}, {"price": 7256, "isBuy": true, "qty": 6097}, {"price": 7220, "isBuy": true, "qty": 6097}, {"price": 4646, "isBuy": true, "qty": 500}, {"price": 4600, "isBuy": true, "qty": 999}], "symbol": "CEEW", "venue": "ZEYMEX", "ts": "2016-04-29T17:02:58.933157431Z"}, {"ok": true, "asks": null, "bids": [{"price": 7328, "isBuy": true, "qty": 163}, {"price": 7292, "isBuy": true, "qty": 6097}, {"price": 7256, "isBuy": true, "qty": 6097}, {"price": 7220, "isBuy": true, "qty": 6097}, {"price": 4646, "isBuy": true, "qty": 500}, {"price": 4600, "isBuy": true, "qty": 999}], "symbol": "CEEW", "venue": "ZEYMEX", "ts": "2016-04-29T17:02:59.487480115Z"}, {"ok": true, "asks": null, "bids": [{"price": 7328, "isBuy": true, "qty": 163}, {"price": 7292, "isBuy": true, "qty": 6097}, {"price": 7256, "isBuy": true, "qty": 6097}, {"price": 7220, "isBuy": true, "qty": 6097}, {"price": 4646, "isBuy": true, "qty": 500}, {"price": 4600, "isBuy": true, "qty": 999}], "symbol": "CEEW", "venue": "ZEYMEX", "ts": "2016-04-29T17:02:59.583734986Z"}, {"ok": true, "asks": null, "bids": [{"price": 7292, "isBuy": true, "qty": 6097}, {"price": 7256, "isBuy": true, "qty": 6097}, {"price": 7220, "isBuy": true, "qty": 6097}, {"price": 4646, "isBuy": true, "qty": 500}, {"price": 4600, "isBuy": true, "qty": 999}], "symbol": "CEEW", "venue": "ZEYMEX", "ts": "2016-04-29T17:02:59.775813725Z"}, {"ok": true, "asks": [{"price": 4531, "isBuy": false, "qty": 181619}, {"price": 7713, "isBuy": false, "qty": 5152}, {"price": 7751, "isBuy": false, "qty": 5152}, {"price": 7789, "isBuy": false, "qty": 5152}], "bids": [{"price": 4509, "isBuy": true, "qty": 3059}, {"price": 4487, "isBuy": true, "qty": 3059}, {"price": 4465, "isBuy": true, "qty": 3059}], "symbol": "CEEW", "venue": "ZEYMEX", "ts": "2016-04-29T17:03:02.212719906Z"}, {"ok": true, "asks": [{"price": 4531, "isBuy": false, "qty": 181619}, {"price": 7635, "isBuy": false, "qty": 999}, {"price": 7713, "isBuy": false, "qty": 5152}, {"price": 7751, "isBuy": false, "qty": 5152}, {"price": 7789, "isBuy": false, "qty": 5152}], "bids": [{"price": 4509, "isBuy": true, "qty": 3059}, {"price": 4487, "isBuy": true, "qty": 3059}, {"price": 4465, "isBuy": true, "qty": 3059}], "symbol": "CEEW", "venue": "ZEYMEX", "ts": "2016-04-29T17:03:05.338593246Z"}, {"ok": true, "asks": [{"price": 7635, "isBuy": false, "qty": 451}, {"price": 8068, "isBuy": false, "qty": 6940}, {"price": 8108, "isBuy": false, "qty": 6940}, {"price": 8148, "isBuy": false, "qty": 6940}], "bids": [{"price": 7597, "isBuy": true, "qty": 3030}, {"price": 7559, "isBuy": true, "qty": 3030}, {"price": 7521, "isBuy": true, "qty": 3030}], "symbol": "CEEW", "venue": "ZEYMEX", "ts": "2016-04-29T17:03:06.239672387Z"}, {"ok": true, "asks": [{"price": 7635, "isBuy": false, "qty": 451}, {"price": 8068, "isBuy": false, "qty": 6940}, {"price": 8108, "isBuy": false, "qty": 6940}, {"price": 8148, "isBuy": false, "qty": 6940}], "bids": [{"price": 7597, "isBuy": true, "qty": 3030}, {"price": 7559, "isBuy": true, "qty": 3030}, {"price": 7521, "isBuy": true, "qty": 3030}, {"price": 4531, "isBuy": true, "qty": 274}], "symbol": "CEEW", "venue": "ZEYMEX", "ts": "2016-04-29T17:03:09.512082759Z"}, {"ok": true, "asks": [{"price": 7635, "isBuy": false, "qty": 451}, {"price": 8068, "isBuy": false, "qty": 6940}, {"price": 8108, "isBuy": false, "qty": 6940}, {"price": 8148, "isBuy": false, "qty": 6940}], "bids": [{"price": 7597, "isBuy": true, "qty": 3030}, {"price": 7559, "isBuy": true, "qty": 3030}, {"price": 7521, "isBuy": true, "qty": 3030}, {"price": 4531, "isBuy": true, "qty": 274}], "symbol": "CEEW", "venue": "ZEYMEX", "ts": "2016-04-29T17:03:09.604562162Z"}, {"ok": true, "asks": [{"price": 7635, "isBuy": false, "qty": 451}, {"price": 8068, "isBuy": false, "qty": 6940}, {"price": 8108, "isBuy": false, "qty": 6940}, {"price": 8148, "isBuy": false, "qty": 6940}], "bids": [{"price": 7597, "isBuy": true, "qty": 2530}, {"price": 7559, "isBuy": true, "qty": 3030}, {"price": 7521, "isBuy": true, "qty": 3030}, {"price": 4531, "isBuy": true, "qty": 274}], "symbol": "CEEW", "venue": "ZEYMEX", "ts": "2016-04-29T17:03:10.116256872Z"}, {"ok": true, "asks": [{"price": 7635, "isBuy": false, "qty": 174}, {"price": 7987, "isBuy": false, "qty": 250}, {"price": 8130, "isBuy": false, "qty": 7083}, {"price": 8170, "isBuy": false, "qty": 7083}, {"price": 8210, "isBuy": false, "qty": 7083}], "bids": [{"price": 7597, "isBuy": true, "qty": 2916}, {"price": 7559, "isBuy": true, "qty": 2916}, {"price": 7521, "isBuy": true, "qty": 2916}, {"price": 4531, "isBuy": true, "qty": 274}], "symbol": "CEEW", "venue": "ZEYMEX", "ts": "2016-04-29T17:03:12.561858752Z"}, {"ok": true, "asks": [{"price": 7635, "isBuy": false, "qty": 174}, {"price": 7987, "isBuy": false, "qty": 250}, {"price": 8130, "isBuy": false, "qty": 7083}, {"price": 8170, "isBuy": false, "qty": 7083}, {"price": 8210, "isBuy": false, "qty": 7083}], "bids": [{"price": 7597, "isBuy": true, "qty": 2916}, {"price": 7559, "isBuy": true, "qty": 2916}, {"price": 7521, "isBuy": true, "qty": 2916}, {"price": 4531, "isBuy": true, "qty": 274}], "symbol": "CEEW", "venue": "ZEYMEX", "ts": "2016-04-29T17:03:12.91398058Z"}, {"ok": true, "asks": [{"price": 7635, "isBuy": false, "qty": 174}, {"price": 7987, "isBuy": false, "qty": 250}, {"price": 8130, "isBuy": false, "qty": 7083}, {"price": 8170, "isBuy": false, "qty": 7083}, {"price": 8210, "isBuy": false, "qty": 7083}], "bids": [{"price": 7597, "isBuy": true, "qty": 2916}, {"price": 7559, "isBuy": true, "qty": 2916}, {"price": 7521, "isBuy": true, "qty": 2916}, {"price": 4531, "isBuy": true, "qty": 274}], "symbol": "CEEW", "venue": "ZEYMEX", "ts": "2016-04-29T17:03:13.022207717Z"}, {"ok": true, "asks": [{"price": 7635, "isBuy": false, "qty": 174}, {"price": 7987, "isBuy": false, "qty": 250}, {"price": 8130, "isBuy": false, "qty": 7083}, {"price": 8170, "isBuy": false, "qty": 7083}, {"price": 8210, "isBuy": false, "qty": 7083}], "bids": [{"price": 7597, "isBuy": true, "qty": 2916}, {"price": 7559, "isBuy": true, "qty": 2916}, {"price": 7521, "isBuy": true, "qty": 2916}, {"price": 4531, "isBuy": true, "qty": 274}], "symbol": "CEEW", "venue": "ZEYMEX", "ts": "2016-04-29T17:03:13.350754811Z"}, {"ok": true, "asks": [{"price": 7635, "isBuy": false, "qty": 174}, {"price": 7907, "isBuy": false, "qty": 125}, {"price": 7987, "isBuy": false, "qty": 250}, {"price": 8130, "isBuy": false, "qty": 7083}, {"price": 8170, "isBuy": false, "qty": 7083}, {"price": 8210, "isBuy": false, "qty": 7083}], "bids": [{"price": 7597, "isBuy": true, "qty": 2916}, {"price": 7559, "isBuy": true, "qty": 2916}, {"price": 7521, "isBuy": true, "qty": 2916}, {"price": 4531, "isBuy": true, "qty": 274}], "symbol": "CEEW", "venue": "ZEYMEX", "ts": "2016-04-29T17:03:15.713414503Z"}, {"ok": true, "asks": [{"price": 7987, "isBuy": false, "qty": 196}, {"price": 7996, "isBuy": false, "qty": 7171}, {"price": 8035, "isBuy": false, "qty": 7171}, {"price": 8074, "isBuy": false, "qty": 7171}], "bids": [{"price": 7918, "isBuy": true, "qty": 2801}, {"price": 7879, "isBuy": true, "qty": 2801}, {"price": 7840, "isBuy": true, "qty": 2801}, {"price": 4531, "isBuy": true, "qty": 274}], "symbol": "CEEW", "venue": "ZEYMEX", "ts": "2016-04-29T17:03:16.625177685Z"}, {"ok": true, "asks": [{"price": 7987, "isBuy": false, "qty": 196}, {"price": 7996, "isBuy": false, "qty": 7171}, {"price": 8035, "isBuy": false, "qty": 7171}, {"price": 8074, "isBuy": false, "qty": 7171}], "bids": [{"price": 7918, "isBuy": true, "qty": 2801}, {"price": 7879, "isBuy": true, "qty": 2801}, {"price": 7840, "isBuy": true, "qty": 2801}, {"price": 4531, "isBuy": true, "qty": 274}], "symbol": "CEEW", "venue": "ZEYMEX", "ts": "2016-04-29T17:03:16.723446729Z"}, {"ok": true, "asks": [{"price": 7987, "isBuy": false, "qty": 196}, {"price": 7996, "isBuy": false, "qty": 7171}, {"price": 8035, "isBuy": false, "qty": 7171}, {"price": 8074, "isBuy": false, "qty": 7171}], "bids": [{"price": 7918, "isBuy": true, "qty": 2739}, {"price": 7879, "isBuy": true, "qty": 2801}, {"price": 7840, "isBuy": true, "qty": 2801}, {"price": 4531, "isBuy": true, "qty": 274}], "symbol": "CEEW", "venue": "ZEYMEX", "ts": "2016-04-29T17:03:18.866218986Z"}, {"ok": true, "asks": [{"price": 7987, "isBuy": false, "qty": 196}, {"price": 7996, "isBuy": false, "qty": 7171}, {"price": 8035, "isBuy": false, "qty": 7171}, {"price": 8074, "isBuy": false, "qty": 7171}], "bids": [{"price": 7918, "isBuy": true, "qty": 2739}, {"price": 7879, "isBuy": true, "qty": 2801}, {"price": 7840, "isBuy": true, "qty": 2801}, {"price": 4531, "isBuy": true, "qty": 274}], "symbol": "CEEW", "venue": "ZEYMEX", "ts": "2016-04-29T17:03:19.992614766Z"}, {"ok": true, "asks": [{"price": 7987, "isBuy": false, "qty": 196}, {"price": 7996, "isBuy": false, "qty": 7171}, {"price": 8035, "isBuy": false, "qty": 7171}, {"price": 8074, "isBuy": false, "qty": 7171}], "bids": [{"price": 7918, "isBuy": true, "qty": 2739}, {"price": 7879, "isBuy": true, "qty": 2801}, {"price": 7840, "isBuy": true, "qty": 2801}, {"price": 4531, "isBuy": true, "qty": 274}], "symbol": "CEEW", "venue": "ZEYMEX", "ts": "2016-04-29T17:03:20.087695955Z"}, {"ok": true, "asks": [{"price": 7916, "isBuy": false, "qty": 31}, {"price": 7987, "isBuy": false, "qty": 196}], "bids": [{"price": 7557, "isBuy": true, "qty": 2594}, {"price": 7520, "isBuy": true, "qty": 2594}, {"price": 7483, "isBuy": true, "qty": 2594}, {"price": 4531, "isBuy": true, "qty": 274}], "symbol": "CEEW", "venue": "ZEYMEX", "ts": "2016-04-29T17:03:22.324738975Z"}, {"ok": true, "asks": [{"price": 7916, "isBuy": false, "qty": 31}, {"price": 7987, "isBuy": false, "qty": 196}], "bids": [{"price": 7557, "isBuy": true, "qty": 2594}, {"price": 7520, "isBuy": true, "qty": 2594}, {"price": 7483, "isBuy": true, "qty": 2594}, {"price": 4531, "isBuy": true, "qty": 274}], "symbol": "CEEW", "venue": "ZEYMEX", "ts": "2016-04-29T17:03:23.358606201Z"}, {"ok": true, "asks": [{"price": 7916, "isBuy": false, "qty": 31}, {"price": 7987, "isBuy": false, "qty": 196}], "bids": [{"price": 7557, "isBuy": true, "qty": 2594}, {"price": 7520, "isBuy": true, "qty": 2594}, {"price": 7483, "isBuy": true, "qty": 2594}, {"price": 4531, "isBuy": true, "qty": 274}], "symbol": "CEEW", "venue": "ZEYMEX", "ts": "2016-04-29T17:03:23.47790754Z"}, {"ok": true, "asks": [{"price": 7916, "isBuy": false, "qty": 31}, {"price": 7987, "isBuy": false, "qty": 196}], "bids": [{"price": 7557, "isBuy": true, "qty": 2594}, {"price": 7520, "isBuy": true, "qty": 2594}, {"price": 7483, "isBuy": true, "qty": 2594}, {"price": 4531, "isBuy": true, "qty": 274}], "symbol": "CEEW", "venue": "ZEYMEX", "ts": "2016-04-29T17:03:23.602807565Z"}, {"ok": true, "asks": [{"price": 7907, "isBuy": false, "qty": 16}, {"price": 7916, "isBuy": false, "qty": 31}, {"price": 7987, "isBuy": false, "qty": 196}], "bids": [{"price": 7557, "isBuy": true, "qty": 2594}, {"price": 7520, "isBuy": true, "qty": 2594}, {"price": 7483, "isBuy": true, "qty": 2594}, {"price": 4531, "isBuy": true, "qty": 274}], "symbol": "CEEW", "venue": "ZEYMEX", "ts": "2016-04-29T17:03:25.732158836Z"}, {"ok": true, "asks": [{"price": 7667, "isBuy": false, "qty": 7424}, {"price": 7705, "isBuy": false, "qty": 7424}, {"price": 7743, "isBuy": false, "qty": 7424}, {"price": 7777, "isBuy": false, "qty": 272}], "bids": [{"price": 7591, "isBuy": true, "qty": 2563}