[{"ok": true, "asks": null, "bids": [{"price": 4636, "isBuy": true, "qty": 8106}, {"price": 4613, "isBuy": true, "qty": 8106}, {"price": 4590, "isBuy": true, "qty": 8106}], "symbol": "VIPO", "venue": "SBLEX", "ts": "2016-04-20T23:27:45.005880005Z"}, {"ok": true, "asks": null, "bids": [{"price": 4636, "isBuy": true, "qty": 8106}, {"price": 4613, "isBuy": true, "qty": 8106}, {"price": 4613, "isBuy": true, "qty": 100}, {"price": 4590, "isBuy": true, "qty": 8106}, {"price": 4567, "isBuy": true, "qty": 99}, {"price": 4521, "isBuy": true, "qty": 98}, {"price": 4475, "isBuy": true, "qty": 97}], "symbol": "VIPO", "venue": "SBLEX", "ts": "2016-04-20T23:27:48.683333218Z"}, {"ok": true, "asks": [{"price": 4700, "isBuy": false, "qty": 1695}, {"price": 4723, "isBuy": false, "qty": 1695}, {"price": 4746, "isBuy": false, "qty": 1695}, {"price": 4805, "isBuy": false, "qty": 129}, {"price": 4858, "isBuy": false, "qty": 64}], "bids": [{"price": 4654, "isBuy": true, "qty": 8199}, {"price": 4631, "isBuy": true, "qty": 8199}, {"price": 4613, "isBuy": true, "qty": 100}, {"price": 4608, "isBuy": true, "qty": 8199}, {"price": 4567, "isBuy": true, "qty": 99}, {"price": 4521, "isBuy": true, "qty": 98}, {"price": 4475, "isBuy": true, "qty": 97}], "symbol": "VIPO", "venue": "SBLEX", "ts": "2016-04-20T23:27:51.183379722Z"}, {"ok": true, "asks": [{"price": 4700, "isBuy": false, "qty": 1695}, {"price": 4723, "isBuy": false, "qty": 1695}, {"price": 4746, "isBuy": false, "qty": 1695}, {"price": 4805, "isBuy": false, "qty": 129}, {"price": 4858, "isBuy": false, "qty": 64}], "bids": [{"price": 4654, "isBuy": true, "qty": 8199}, {"price": 4631, "isBuy": true, "qty": 8199}, {"price": 4613, "isBuy": true, "qty": 100}, {"price": 4608, "isBuy": true, "qty": 8199}, {"price": 4567, "isBuy": true, "qty": 99}, {"price": 4521, "isBuy": true, "qty": 98}, {"price": 4475, "isBuy": true, "qty": 97}], "symbol": "VIPO", "venue": "SBLEX", "ts": "2016-04-20T23:27:51.311980362Z"}, {"ok": true, "asks": [{"price": 4700, "isBuy": false, "qty": 1695}, {"price": 4723, "isBuy": false, "qty": 1695}, {"price": 4746, "isBuy": false, "qty": 1695}, {"price": 4805, "isBuy": false, "qty": 129}, {"price": 4858, "isBuy": false, "qty": 64}], "bids": [{"price": 4654, "isBuy": true, "qty": 8199}, {"price": 4631, "isBuy": true, "qty": 8199}, {"price": 4613, "isBuy": true, "qty": 100}, {"price": 4608, "isBuy": true, "qty": 8199}, {"price": 4567, "isBuy": true, "qty": 99}, {"price": 4521, "isBuy": true, "qty": 98}, {"price": 4475, "isBuy": true, "qty": 97}], "symbol": "VIPO", "venue": "SBLEX", "ts": "2016-04-20T23:27:51.419620216Z"}, {"ok": true, "asks": [{"price": 4700, "isBuy": false, "qty": 1695}, {"price": 4723, "isBuy": false, "qty": 1695}, {"price": 4746, "isBuy": false, "qty": 1695}, {"price": 4805, "isBuy": false, "qty": 129}, {"price": 4858, "isBuy": false, "qty": 64}], "bids": [{"price": 4654, "isBuy": true, "qty": 8199}, {"price": 4631, "isBuy": true, "qty": 8199}, {"price": 4613, "isBuy": true, "qty": 100}, {"price": 4608, "isBuy": true, "qty": 8199}, {"price": 4567, "isBuy": true, "qty": 99}, {"price": 4521, "isBuy": true, "qty": 98}, {"price": 4475, "isBuy": true, "qty": 97}], "symbol": "VIPO", "venue": "SBLEX", "ts": "2016-04-20T23:27:51.570979464Z"}, {"ok": true, "asks": [{"price": 4700, "isBuy": false, "qty": 1695}, {"price": 4723, "isBuy": false, "qty": 1695}, {"price": 4746, "isBuy": false, "qty": 1695}, {"price": 4805, "isBuy": false, "qty": 129}, {"price": 4858, "isBuy": false, "qty": 64}], "bids": [{"price": 4654, "isBuy": true, "qty": 8199}, {"price": 4631, "isBuy": true, "qty": 8199}, {"price": 4613, "isBuy": true, "qty": 100}, {"price": 4608, "isBuy": true, "qty": 8199}, {"price": 4567, "isBuy": true, "qty": 99}, {"price": 4521, "isBuy": true, "qty": 98}, {"price": 4475, "isBuy": true, "qty": 97}], "symbol": "VIPO", "venue": "SBLEX", "ts": "2016-04-20T23:27:51.599622531Z"}, {"ok": true, "asks": [{"price": 4918, "isBuy": false, "qty": 1584}, {"price": 4942, "isBuy": false, "qty": 1584}, {"price": 4966, "isBuy": false, "qty": 1584}], "bids": [{"price": 4613, "isBuy": true, "qty": 100}, {"price": 4567, "isBuy": true, "qty": 99}, {"price": 4521, "isBuy": true, "qty": 98}, {"price": 4475, "isBuy": true, "qty": 97}], "symbol": "VIPO", "venue": "SBLEX", "ts": "2016-04-20T23:27:54.699660137Z"}, {"ok": true, "asks": [{"price": 4918, "isBuy": false, "qty": 1584}, {"price": 4942, "isBuy": false, "qty": 1584}, {"price": 4966, "isBuy": false, "qty": 1584}], "bids": [{"price": 4613, "isBuy": true, "qty": 100}, {"price": 4567, "isBuy": true, "qty": 99}, {"price": 4521, "isBuy": true, "qty": 98}, {"price": 4475, "isBuy": true, "qty": 97}], "symbol": "VIPO", "venue": "SBLEX", "ts": "2016-04-20T23:27:54.801635051Z"}, {"ok": true, "asks": [{"price": 4918, "isBuy": false, "qty": 1584}, {"price": 4942, "isBuy": false, "qty": 1584}, {"price": 4966, "isBuy": false, "qty": 1584}], "bids": [{"price": 4567, "isBuy": true, "qty": 99}, {"price": 4521, "isBuy": true, "qty": 98}, {"price": 4475, "isBuy": true, "qty": 97}], "symbol": "VIPO", "venue": "SBLEX", "ts": "2016-04-20T23:27:54.993396482Z"}, {"ok": true, "asks": [{"price": 4918, "isBuy": false, "qty": 1584}, {"price": 4942, "isBuy": false, "qty": 1584}, {"price": 4966, "isBuy": false, "qty": 1584}], "bids": [{"price": 4521, "isBuy": true, "qty": 98}, {"price": 4475, "isBuy": true, "qty": 97}], "symbol": "VIPO", "venue": "SBLEX", "ts": "2016-04-20T23:27:55.182080436Z"}, {"ok": true, "asks": [{"price": 4918, "isBuy": false, "qty": 1584}, {"price": 4942, "isBuy": false, "qty": 1584}, {"price": 4966, "isBuy": false, "qty": 1584}], "bids": [{"price": 4475, "isBuy": true, "qty": 97}], "symbol": "VIPO", "venue": "SBLEX", "ts": "2016-04-20T23:27:55.380473057Z"}, {"ok": true, "asks": [{"price": 4918, "isBuy": false, "qty": 1584}, {"price": 4942, "isBuy": false, "qty": 1584}, {"price": 4942, "isBuy": false, "qty": 100}, {"price": 4966, "isBuy": false, "qty": 1584}, {"price": 4991, "isBuy": false, "qty": 99}, {"price": 5040, "isBuy": false, "qty": 98}, {"price": 5089, "isBuy": false, "qty": 97}], "bids": [{"price": 4567, "isBuy": true, "qty": 99}, {"price": 4522, "isBuy": true, "qty": 99}, {"price": 4477, "isBuy": true, "qty": 99}, {"price": 4432, "isBuy": true, "qty": 99}], "symbol": "VIPO", "venue": "SBLEX", "ts": "2016-04-20T23:27:58.669827935Z"}, {"ok": true, "asks": [{"price": 4918, "isBuy": false, "qty": 1584}, {"price": 4942, "isBuy": false, "qty": 1584}, {"price": 4942, "isBuy": false, "qty": 100}, {"price": 4966, "isBuy": false, "qty": 1584}, {"price": 4991, "isBuy": false, "qty": 99}, {"price": 5040, "isBuy": false, "qty": 98}, {"price": 5089, "isBuy": false, "qty": 97}], "bids": [{"price": 4522, "isBuy": true, "qty": 99}, {"price": 4477, "isBuy": true, "qty": 99}, {"price": 4432, "isBuy": true, "qty": 99}], "symbol": "VIPO", "venue": "SBLEX", "ts": "2016-04-20T23:27:58.790231729Z"}, {"ok": true, "asks": [{"price": 4918, "isBuy": false, "qty": 1584}, {"price": 4942, "isBuy": false, "qty": 1584}, {"price": 4942, "isBuy": false, "qty": 100}, {"price": 4966, "isBuy": false, "qty": 1584}, {"price": 4991, "isBuy": false, "qty": 99}, {"price": 5040, "isBuy": false, "qty": 98}, {"price": 5089, "isBuy": false, "qty": 97}], "bids": [{"price": 4522, "isBuy": true, "qty": 99}, {"price": 4477, "isBuy": true, "qty": 99}, {"price": 4432, "isBuy": true, "qty": 99}], "symbol": "VIPO", "venue": "SBLEX", "ts": "2016-04-20T23:27:58.888801059Z"}, {"ok": true, "asks": [{"price": 4918, "isBuy": false, "qty": 1584}, {"price": 4942, "isBuy": false, "qty": 1584}, {"price": 4942, "isBuy": false, "qty": 100}, {"price": 4966, "isBuy": false, "qty": 1584}, {"price": 4991, "isBuy": false, "qty": 99}, {"price": 5040, "isBuy": false, "qty": 98}, {"price": 5089, "isBuy": false, "qty": 97}], "bids": [{"price": 4477, "isBuy": true, "qty": 99}, {"price": 4432, "isBuy": true, "qty": 99}], "symbol": "VIPO", "venue": "SBLEX", "ts": "2016-04-20T23:27:59.075077307Z"}, {"ok": true, "asks": [{"price": 4900, "isBuy": false, "qty": 1536}, {"price": 4924, "isBuy": false, "qty": 1536}, {"price": 4942, "isBuy": false, "qty": 100}, {"price": 4948, "isBuy": false, "qty": 1536}, {"price": 4991, "isBuy": false, "qty": 99}, {"price": 5040, "isBuy": false, "qty": 98}, {"price": 5089, "isBuy": false, "qty": 97}], "bids": [{"price": 4852, "isBuy": true, "qty": 8457}, {"price": 4828, "isBuy": true, "qty": 8457}, {"price": 4804, "isBuy": true, "qty": 8457}, {"price": 4723, "isBuy": true, "qty": 209}, {"price": 4665, "isBuy": true, "qty": 296}, {"price": 4432, "isBuy": true, "qty": 99}], "symbol": "VIPO", "venue": "SBLEX", "ts": "2016-04-20T23:27:59.269055842Z"}, {"ok": true, "asks": [{"price": 4900, "isBuy": false, "qty": 1536}, {"price": 4924, "isBuy": false, "qty": 1536}, {"price": 4942, "isBuy": false, "qty": 100}, {"price": 4948, "isBuy": false, "qty": 1536}, {"price": 4991, "isBuy": false, "qty": 99}, {"price": 5040, "isBuy": false, "qty": 98}, {"price": 5089, "isBuy": false, "qty": 97}], "bids": [{"price": 4852, "isBuy": true, "qty": 8457}, {"price": 4828, "isBuy": true, "qty": 8457}, {"price": 4804, "isBuy": true, "qty": 8457}, {"price": 4723, "isBuy": true, "qty": 209}, {"price": 4665, "isBuy": true, "qty": 296}, {"price": 4432, "isBuy": true, "qty": 99}], "symbol": "VIPO", "venue": "SBLEX", "ts": "2016-04-20T23:27:59.372736532Z"}, {"ok": true, "asks": [{"price": 4900, "isBuy": false, "qty": 1536}, {"price": 4924, "isBuy": false, "qty": 1536}, {"price": 4942, "isBuy": false, "qty": 100}, {"price": 4948, "isBuy": false, "qty": 1536}, {"price": 4991, "isBuy": false, "qty": 99}, {"price": 5040, "isBuy": false, "qty": 98}, {"price": 5089, "isBuy": false, "qty": 97}], "bids": [{"price": 4852, "isBuy": true, "qty": 8457}, {"price": 4828, "isBuy": true, "qty": 8457}, {"price": 4804, "isBuy": true, "qty": 8457}, {"price": 4723, "isBuy": true, "qty": 209}, {"price": 4665, "isBuy": true, "qty": 296}, {"price": 4432, "isBuy": true, "qty": 99}], "symbol": "VIPO", "venue": "SBLEX", "ts": "2016-04-20T23:27:59.466489314Z"}, {"ok": true, "asks": [{"price": 4900, "isBuy": false, "qty": 1536}, {"price": 4924, "isBuy": false, "qty": 1536}, {"price": 4942, "isBuy": false, "qty": 100}, {"price": 4948, "isBuy": false, "qty": 1536}, {"price": 4991, "isBuy": false, "qty": 99}, {"price": 5040, "isBuy": false, "qty": 98}, {"price": 5089, "isBuy": false, "qty": 97}], "bids": [{"price": 4852, "isBuy": true, "qty": 8457}, {"price": 4828, "isBuy": true, "qty": 8457}, {"price": 4804, "isBuy": true, "qty": 8457}, {"price": 4723, "isBuy": true, "qty": 209}, {"price": 4665, "isBuy": true, "qty": 296}, {"price": 4432, "isBuy": true, "qty": 99}], "symbol": "VIPO", "venue": "SBLEX", "ts": "2016-04-20T23:27:59.56008806Z"}, {"ok": true, "asks": [{"price": 4900, "isBuy": false, "qty": 1536}, {"price": 4924, "isBuy": false, "qty": 1536}, {"price": 4942, "isBuy": false, "qty": 100}, {"price": 4948, "isBuy": false, "qty": 1536}, {"price": 4991, "isBuy": false, "qty": 99}, {"price": 5040, "isBuy": false, "qty": 98}, {"price": 5089, "isBuy": false, "qty": 97}], "bids": [{"price": 4852, "isBuy": true, "qty": 8457}, {"price": 4828, "isBuy": true, "qty": 8457}, {"price": 4804, "isBuy": true, "qty": 8457}, {"price": 4723, "isBuy": true, "qty": 209}, {"price": 4665, "isBuy": true, "qty": 296}, {"price": 4477, "isBuy": true, "qty": 99}, {"price": 4433, "isBuy": true, "qty": 99}, {"price": 4432, "isBuy": true, "qty": 99}, {"price": 4389, "isBuy": true, "qty": 99}, {"price": 4345, "isBuy": true, "qty": 99}], "symbol": "VIPO", "venue": "SBLEX", "ts": "2016-04-20T23:28:01.496921631Z"}, {"ok": true, "asks": [{"price": 4900, "isBuy": false, "qty": 1536}, {"price": 4924, "isBuy": false, "qty": 1536}, {"price": 4942, "isBuy": false, "qty": 100}, {"price": 4948, "isBuy": false, "qty": 1536}, {"price": 4991, "isBuy": false, "qty": 99}, {"price": 5040, "isBuy": false, "qty": 98}, {"price": 5089, "isBuy": false, "qty": 97}], "bids": [{"price": 4852, "isBuy": true, "qty": 8457}, {"price": 4828, "isBuy": true, "qty": 8457}, {"price": 4804, "isBuy": true, "qty": 8457}, {"price": 4723, "isBuy": true, "qty": 209}, {"price": 4665, "isBuy": true, "qty": 296}, {"price": 4477, "isBuy": true, "qty": 99}, {"price": 4433, "isBuy": true, "qty": 99}, {"price": 4432, "isBuy": true, "qty": 99}, {"price": 4389, "isBuy": true, "qty": 99}, {"price": 4345, "isBuy": true, "qty": 99}], "symbol": "VIPO", "venue": "SBLEX", "ts": "2016-04-20T23:28:02.772653434Z"}, {"ok": true, "asks": [{"price": 4900, "isBuy": false, "qty": 1536}, {"price": 4924, "isBuy": false, "qty": 1536}, {"price": 4942, "isBuy": false, "qty": 100}, {"price": 4948, "isBuy": false, "qty": 1536}, {"price": 4991, "isBuy": false, "qty": 99}, {"price": 5040, "isBuy": false, "qty": 98}, {"price": 5089, "isBuy": false, "qty": 97}], "bids": [{"price": 4852, "isBuy": true, "qty": 8457}, {"price": 4828, "isBuy": true, "qty": 8457}, {"price": 4804, "isBuy": true, "qty": 8457}, {"price": 4723, "isBuy": true, "qty": 209}, {"price": 4665, "isBuy": true, "qty": 296}, {"price": 4477, "isBuy": true, "qty": 99}, {"price": 4433, "isBuy": true, "qty": 99}, {"price": 4432, "isBuy": true, "qty": 99}, {"price": 4389, "isBuy": true, "qty": 99}, {"price": 4345, "isBuy": true, "qty": 99}], "symbol": "VIPO", "venue": "SBLEX", "ts": "2016-04-20T23:28:02.866623919Z"}, {"ok": true, "asks": [{"price": 4900, "isBuy": false, "qty": 1536}, {"price": 4924, "isBuy": false, "qty": 1536}, {"price": 4942, "isBuy": false, "qty": 100}, {"price": 4948, "isBuy": false, "qty": 1536}, {"price": 4991, "isBuy": false, "qty": 99}, {"price": 5040, "isBuy": false, "qty": 98}, {"price": 5089, "isBuy": false, "qty": 97}], "bids": [{"price": 4852, "isBuy": true, "qty": 8457}, {"price": 4828, "isBuy": true, "qty": 8457}, {"price": 4804, "isBuy": true, "qty": 8457}, {"price": 4723, "isBuy": true, "qty": 209}, {"price": 4665, "isBuy": true, "qty": 296}, {"price": 4477, "isBuy": true, "qty": 99}, {"price": 4433, "isBuy": true, "qty": 99}, {"price": 4432, "isBuy": true, "qty": 99}, {"price": 4389, "isBuy": true, "qty": 99}, {"price": 4345, "isBuy": true, "qty": 99}], "symbol": "VIPO", "venue": "SBLEX", "ts": "2016-04-20T23:28:02.961088633Z"}, {"ok": true, "asks": [{"price": 4900, "isBuy": false, "qty": 1536}, {"price": 4924, "isBuy": false, "qty": 1536}, {"price": 4942, "isBuy": false, "qty": 100}, {"price": 4948, "isBuy": false, "qty": 1536}, {"price": 4991, "isBuy": false, "qty": 99}, {"price": 5040, "isBuy": false, "qty": 98}, {"price": 5089, "isBuy": false, "qty": 97}], "bids": [{"price": 4852, "isBuy": true, "qty": 8457}, {"price": 4828, "isBuy": true, "qty": 8457}, {"price": 4804, "isBuy": true, "qty": 8457}, {"price": 4723, "isBuy": true, "qty": 209}, {"price": 4665, "isBuy": true, "qty": 296}, {"price": 4477, "isBuy": true, "qty": 99}, {"price": 4433, "isBuy": true, "qty": 99}, {"price": 4432, "isBuy": true, "qty": 99}, {"price": 4389, "isBuy": true, "qty": 99}, {"price": 4345, "isBuy": true, "qty": 99}], "symbol": "VIPO", "venue": "SBLEX", "ts": "2016-04-20T23:28:03.054523032Z"}, {"ok": true, "asks": [{"price": 4900, "isBuy": false, "qty": 1536}, {"price": 4924, "isBuy": false, "qty": 1536}, {"price": 4942, "isBuy": false, "qty": 100}, {"price": 4948, "isBuy": false, "qty": 1536}, {"price": 4991, "isBuy": false, "qty": 99}, {"price": 5040, "isBuy": false, "qty": 98}, {"price": 5089, "isBuy": false, "qty": 97}], "bids": [{"price": 4852, "isBuy": true, "qty": 8457}, {"price": 4828, "isBuy": true, "qty": 8457}, {"price": 4804, "isBuy": true, "qty": 8457}, {"price": 4723, "isBuy": true, "qty": 209}, {"price": 4665, "isBuy": true, "qty": 296}, {"price": 4477, "isBuy": true, "qty": 99}, {"price": 4433, "isBuy": true, "qty": 99}, {"price": 4432, "isBuy": true, "qty": 99}, {"price": 4389, "isBuy": true, "qty": 99}, {"price": 4345, "isBuy": true, "qty": 99}], "symbol": "VIPO", "venue": "SBLEX", "ts": "2016-04-20T23:28:03.148354486Z"}, {"ok": true, "asks": [{"price": 4900, "isBuy": false, "qty": 1536}, {"price": 4924, "isBuy": false, "qty": 1536}, {"price": 4942, "isBuy": false, "qty": 100}, {"price": 4948, "isBuy": false, "qty": 1536}, {"price": 4991, "isBuy": false, "qty": 99}, {"price": 5040, "isBuy": false, "qty": 98}, {"price": 5089, "isBuy": false, "qty": 97}], "bids": [{"price": 4852, "isBuy": true, "qty": 8457}, {"price": 4828, "isBuy": true, "qty": 8457}, {"price": 4804, "isBuy": true, "qty": 8457}, {"price": 4723, "isBuy": true, "qty": 209}, {"price": 4665, "isBuy": true, "qty": 296}, {"price": 4477, "isBuy": true, "qty": 99}, {"price": 4433, "isBuy": true, "qty": 99}, {"price": 4432, "isBuy": true, "qty": 99}, {"price": 4389, "isBuy": true, "qty": 99}, {"price": 4345, "isBuy": true, "qty": 99}], "symbol": "VIPO", "venue": "SBLEX", "ts": "2016-04-20T23:28:03.242079734Z"}, {"ok": true, "asks": [{"price": 4900, "isBuy": false, "qty": 1536}, {"price": 4924, "isBuy": false, "qty": 1536}, {"price": 4942, "isBuy": false, "qty": 100}, {"price": 4948, "isBuy": false, "qty": 1536}, {"price": 4991, "isBuy": false, "qty": 99}, {"price": 5040, "isBuy": false, "qty": 98}, {"price": 5089, "isBuy": false, "qty": 97}], "bids": [{"price": 4852, "isBuy": true, "qty": 8457}, {"price": 4828, "isBuy": true, "qty": 8457}, {"price": 4804, "isBuy": true, "qty": 8457}, {"price": 4723, "isBuy": true, "qty": 209}, {"price": 4665, "isBuy": true, "qty": 296}, {"price": 4477, "isBuy": true, "qty": 99}, {"price": 4433, "isBuy": true, "qty": 99}, {"price": 4432, "isBuy": true, "qty": 99}, {"price": 4389, "isBuy": true, "qty": 99}, {"price": 4345, "isBuy": true, "qty": 99}], "symbol": "VIPO", "venue": "SBLEX", "ts": "2016-04-20T23:28:03.356679302Z"}, {"ok": true, "asks": [{"price": 4900, "isBuy": false, "qty": 1536}, {"price": 4924, "isBuy": false, "qty": 1536}, {"price": 4942, "isBuy": false, "qty": 100}, {"price": 4948, "isBuy": false, "qty": 1536}, {"price": 4991, "isBuy": false, "qty": 99}, {"price": 5040, "isBuy": false, "qty": 98}, {"price": 5089, "isBuy": false, "qty": 97}], "bids": [{"price": 4852, "isBuy": true, "qty": 8457}, {"price": 4828, "isBuy": true, "qty": 8457}, {"price": 4804, "isBuy": true, "qty": 8457}, {"price": 4723, "isBuy": true, "qty": 209}, {"price": 4665, "isBuy": true, "qty": 296}, {"price": 4477, "isBuy": true, "qty": 99}, {"price": 4433, "isBuy": true, "qty": 99}, {"price": 4432, "isBuy": true, "qty": 99}, {"price": 4389, "isBuy": true, "qty": 99}, {"price": 4345, "isBuy": true, "qty": 99}], "symbol": "VIPO", "venue": "SBLEX", "ts": "2016-04-20T23:28:03.450174027Z"}, {"ok": true, "asks": [{"price": 4900, "isBuy": false, "qty": 1536}, {"price": 4924, "isBuy": false, "qty": 1536}, {"price": 4942, "isBuy": false, "qty": 100}, {"price": 4948, "isBuy": false, "qty": 1536}, {"price": 4991, "isBuy": false, "qty": 99}, {"price": 5040, "isBuy": false, "qty": 98}, {"price": 5089, "isBuy": false, "qty": 97}], "bids": [{"price": 4852, "isBuy": true, "qty": 8457}, {"price": 4828, "isBuy": true, "qty": 8457}, {"price": 4804, "isBuy": true, "qty": 8457}, {"price": 4723, "isBuy": true, "qty": 209}, {"price": 4665, "isBuy": true, "qty": 296}, {"price": 4477, "isBuy": true, "qty": 99}, {"price": 4433, "isBuy": true, "qty": 99}, {"price": 4432, "isBuy": true, "qty": 99}, {"price": 4389, "isBuy": true, "qty": 99}, {"price": 4345, "isBuy": true, "qty": 99}], "symbol": "VIPO", "venue": "SBLEX", "ts": "2016-04-20T23:28:03.544943718Z"}, {"ok": true, "asks": [{"price": 4924, "isBuy": false, "qty": 100}, {"price": 4942, "isBuy": false, "qty": 100}, {"price": 4973, "isBuy": false, "qty": 99}, {"price": 4991, "isBuy": false, "qty": 99}, {"price": 5022, "isBuy": false, "qty": 98}, {"price": 5040, "isBuy": false, "qty": 98}, {"price": 5089, "isBuy": false, "qty": 97}], "bids": [{"price": 4706, "isBuy": true, "qty": 8468}, {"price": 4683, "isBuy": true, "qty": 8468}, {"price": 4660, "isBuy": true, "qty": 8468}, {"price": 4477, "isBuy": true, "qty": 99}, {"price": 4433, "isBuy": true, "qty": 99}, {"price": 4432, "isBuy": true, "qty": 99}, {"price": 4389, "isBuy": true, "qty": 99}, {"price": 4345, "isBuy": true, "qty": 99}], "symbol": "VIPO", "venue": "SBLEX", "ts": "2016-04-20T23:28:04.620100266Z"}, {"ok": true, "asks": [{"price": 4924, "isBuy": false, "qty": 100}, {"price": 4942, "isBuy": false, "qty": 100}, {"price": 4973, "isBuy": false, "qty": 99}, {"price": 4991, "isBuy": false, "qty": 99}, {"price": 5022, "isBuy": false, "qty": 98}, {"price": 5040, "isBuy": false, "qty": 98}, {"price": 5089, "isBuy": false, "qty": 97}], "bids": [{"price": 4706, "isBuy": true, "qty": 8468}, {"price": 4683, "isBuy": true, "qty": 8468}, {"price": 4660, "isBuy": true, "qty": 8468}, {"price": 4477, "isBuy": true, "qty": 99}, {"price": 4433, "isBuy": true, "qty": 99}, {"price": 4432, "isBuy": true, "qty": 99}, {"price": 4389, "isBuy": true, "qty": 99}, {"price": 4345, "isBuy": true, "qty": 99}], "symbol": "VIPO", "venue": "SBLEX", "ts": "2016-04-20T23:28:06.744171355Z"}, {"ok": true, "asks": [{"price": 4924, "isBuy": false, "qty": 100}, {"price": 4942, "isBuy": false, "qty": 100}, {"price": 4973, "isBuy": false, "qty": 99}, {"price": 4991, "isBuy": false, "qty": 99}, {"price": 5022, "isBuy": false, "qty": 98}, {"price": 5040, "isBuy": false, "qty": 98}, {"price": 5089, "isBuy": false, "qty": 97}], "bids": [{"price": 4706, "isBuy": true, "qty": 8468}, {"price": 4683, "isBuy": true, "qty": 8468}, {"price": 4660, "isBuy": true, "qty": 8468}, {"price": 4477, "isBuy": true, "qty": 99}, {"price": 4433, "isBuy": true, "qty": 99}, {"price": 4432, "isBuy": true, "qty": 99}, {"price": 4389, "isBuy": true, "qty": 99}, {"price": 4345, "isBuy": true, "qty": 99}], "symbol": "VIPO", "venue": "SBLEX", "ts": "2016-04-20T23:28:06.841321075Z"}, {"ok": true, "asks": [{"price": 4924, "isBuy": false, "qty": 100}, {"price": 4942, "isBuy": false, "qty": 100}, {"price": 4973, "isBuy": false, "qty": 99}, {"price": 4991, "isBuy": false, "qty": 99}, {"price": 5022, "isBuy": false, "qty": 98}, {"price": 5040, "isBuy": false, "qty": 98}, {"price": 5089, "isBuy": false, "qty": 97}], "bids": [{"price": 4706, "isBuy": true, "qty": 8468}, {"price": 4683, "isBuy": true, "qty": 8468}, {"price": 4660, "isBuy": true, "qty": 8468}, {"price": 4477, "isBuy": true, "qty": 99}, {"price": 4433, "isBuy": true, "qty": 99}, {"price": 4432, "isBuy": true, "qty": 99}, {"price": 4389, "isBuy": true, "qty": 99}, {"price": 4345, "isBuy": true, "qty": 99}], "symbol": "VIPO", "venue": "SBLEX", "ts": "2016-04-20T23:28:06.943431444Z"}, {"ok": true, "asks": [{"price": 4924, "isBuy": false, "qty": 100}, {"price": 4942, "isBuy": false, "qty": 100}, {"price": 4973, "isBuy": false, "qty": 99}, {"price": 4991, "isBuy": false, "qty": 99}, {"price": 5022, "isBuy": false, "qty": 98}, {"price": 5040, "isBuy": false, "qty": 98}, {"price": 5089, "isBuy": false, "qty": 97}], "bids": [{"price": 4706, "isBuy": true, "qty": 8468}, {"price": 4683, "isBuy": true, "qty": 8468}, {"price": 4660, "isBuy": true, "qty": 8468}, {"price": 4477, "isBuy": true, "qty": 99}, {"price": 4433, "isBuy": true, "qty": 99}, {"price": 4432, "isBuy": true, "qty": 99}, {"price": 4389, "isBuy": true, "qty": 99}, {"price": 4345, "isBuy": true, "qty": 99}], "symbol": "VIPO", "venue": "SBLEX", "ts": "2016-04-20T23:28:07.044827558Z"}, {"ok": true, "asks": [{"price": 4924, "isBuy": false, "qty": 100}, {"price": 4942, "isBuy": false, "qty": 100}, {"price": 4973, "isBuy": false, "qty": 99}, {"price": 4991, "isBuy": false, "qty": 99}, {"price": 5022, "isBuy": false, "qty": 98}, {"price": 5040, "isBuy": false, "qty": 98}, {"price": 5089, "isBuy": false, "qty": 97}], "bids": [{"price": 4706, "isBuy": true, "qty": 8468}, {"price": 4683, "isBuy": true, "qty": 8468}, {"price": 4660, "isBuy": true, "qty": 8468}, {"price": 4477, "isBuy": true, "qty": 99}, {"price": 4433, "isBuy": true, "qty": 99}, {"price": 4432, "isBuy": true, "qty": 99}, {"price": 4389, "isBuy": true, "qty": 99}, {"price": 4345, "isBuy": true, "qty": 99}], "symbol": "VIPO", "venue": "SBLEX", "ts": "2016-04-20T23:28:07.144496784Z"}, {"ok": true, "asks": [{"price": 4924, "isBuy": false, "qty": 100}, {"price": 4942, "isBuy": false, "qty": 100}, {"price": 4973, "isBuy": false, "qty": 99}, {"price": 4991, "isBuy": false, "qty": 99}, {"price": 5022, "isBuy": false, "qty": 98}, {"price": 5040, "isBuy": false, "qty": 98}, {"price": 5089, "isBuy": false, "qty": 97}], "bids": [{"price": 4706, "isBuy": true, "qty": 8468}, {"price": 4683, "isBuy": true, "qty": 8468}, {"price": 4660, "isBuy": true, "qty": 8468}, {"price": 4477, "isBuy": true, "qty": 99}, {"price": 4433, "isBuy": true, "qty": 99}, {"price": 4432, "isBuy": true, "qty": 99}, {"price": 4389, "isBuy": true, "qty": 99}, {"price": 4345, "isBuy": true, "qty": 99}], "symbol": "VIPO", "venue": "SBLEX", "ts": "2016-04-20T23:28:07.251855605Z"}, {"ok": true, "asks": [{"price": 4924, "isBuy": false, "qty": 100}, {"price": 4942, "isBuy": false, "qty": 100}, {"price": 4973, "isBuy": false, "qty": 99}, {"price": 4991, "isBuy": false, "qty": 99}, {"price": 5022, "isBuy": false, "qty": 98}, {"price": 5040, "isBuy": false, "qty": 98}, {"price": 5089, "isBuy": false, "qty": 97}], "bids": [{"price": 4706, "isBuy": true, "qty": 8468}, {"price": 4683, "isBuy": true, "qty": 8468}, {"price": 4660, "isBuy": true, "qty": 8468}, {"price": 4477, "isBuy": true, "qty": 99}, {"price": 4433, "isBuy": true, "qty": 99}, {"price": 4432, "isBuy": true, "qty": 99}, {"price": 4389, "isBuy": true, "qty": 99}, {"price": 4345, "isBuy": true, "qty": 99}], "symbol": "VIPO", "venue": "SBLEX", "ts": "2016-04-20T23:28:07.346065393Z"}, {"ok": true, "asks": [{"price": 4924, "isBuy": false, "qty": 100}, {"price": 4942, "isBuy": false, "qty": 100}, {"price": 4973, "isBuy": false, "qty": 99}, {"price": 4991, "isBuy": false, "qty": 99}, {"price": 5022, "isBuy": false, "qty": 98}, {"price": 5040, "isBuy": false, "qty": 98}, {"price": 5089, "isBuy": false, "qty": 97}], "bids": [{"price": 4706, "isBuy": true, "qty": 8468}, {"price": 4683, "isBuy": true, "qty": 8468}, {"price": 4683, "isBuy": true, "qty": 100}, {"price": 4660, "isBuy": true, "qty": 8468}, {"price": 4477, "isBuy": true, "qty": 99}, {"price": 4433, "isBuy": true, "qty": 99}, {"price": 4432, "isBuy": true, "qty": 99}, {"price": 4389, "isBuy": true, "qty": 99}, {"price": 4345, "isBuy": true, "qty": 99}], "symbol": "VIPO", "venue": "SBLEX", "ts": "2016-04-20T23:28:07.439371197Z"}, {"ok": true, "asks": [{"price": 4924, "isBuy": false, "qty": 100}, {"price": 4942, "isBuy": false, "qty": 100}, {"price": 4973, "isBuy": false, "qty": 99}, {"price": 4991, "isBuy": false, "qty": 99}, {"price": 5022, "isBuy": false, "qty": 98}, {"price": 5040, "isBuy": false, "qty": 98}, {"price": 5089, "isBuy": false, "qty": 97}], "bids": [{"price": 4706, "isBuy": true, "qty": 8468}, {"price": 4683, "isBuy": true, "qty": 8468}, {"price": 4683, "isBuy": true, "qty": 100}, {"price": 4660, "isBuy": true, "qty": 8468}, {"price": 4637, "isBuy": true, "qty": 99}, {"price": 4477, "isBuy": true, "qty": 99}, {"price": 4433, "isBuy": true, "qty": 99}, {"price": 4432, "isBuy": true, "qty": 99}, {"price": 4389, "isBuy": true, "qty": 99}, {"price": 4345, "isBuy": true, "qty": 99}], "symbol": "VIPO", "venue": "SBLEX", "ts": "2016-04-20T23:28:07.534259889Z"}, {"ok": true, "asks": [{"price": 4924, "isBuy": false, "qty": 100}, {"price": 4942, "isBuy": false, "qty": 100}, {"price": 4973, "isBuy": false, "qty": 99}, {"price": 4991, "isBuy": false, "qty": 99}, {"price": 5022, "isBuy": false, "qty": 98}, {"price": 5040, "isBuy": false, "qty": 98}, {"price": 5089, "isBuy": false, "qty": 97}], "bids": [{"price": 4706, "isBuy": true, "qty": 8468}, {"price": 4683, "isBuy": true, "qty": 8468}, {"price": 4683, "isBuy": true, "qty": 100}, {"price": 4660, "isBuy": true, "qty": 8468}, {"price": 4637, "isBuy": true, "qty": 99}, {"price": 4591, "isBuy": true, "qty": 98}, {"price": 4477, "isBuy": true, "qty": 99}, {"price": 4433, "isBuy": true, "qty": 99}, {"price": 4432, "isBuy": true, "qty": 99}, {"price": 4389, "isBuy": true, "qty": 99}, {"price": 4345, "isBuy": true, "qty": 99}], "symbol": "VIPO", "venue": "SBLEX", "ts": "2016-04-20T23:28:07.625640887Z"}, {"ok": true, "asks": [{"price": 4924, "isBuy": false, "qty": 100}, {"price": 4942, "isBuy": false, "qty": 100}, {"price": 4973, "isBuy": false, "qty": 99}, {"price": 4991, "isBuy": false, "qty": 99}, {"price": 5022, "isBuy": false, "qty": 98}, {"price": 5040, "isBuy": false, "qty": 98}, {"price": 5089, "isBuy": false, "qty": 97}], "bids": [{"price": 4706, "isBuy": true, "qty": 8468}, {"price": 4683, "isBuy": true, "qty": 8468}, {"price": 4683, "isBuy": true, "qty": 100}, {"price": 4660, "isBuy": true, "qty": 8468}, {"price": 4637, "isBuy": true, "qty": 99}, {"price": 4591, "isBuy": true, "qty": 98}, {"price": 4477, "isBuy": true, "qty": 99}, {"price": 4433, "isBuy": true, "qty": 99}, {"price": 4432, "isBuy": true, "qty": 99}, {"price": 4389, "isBuy": true, "qty": 99}, {"price": 4345, "isBuy": true, "qty": 99}], "symbol": "VIPO", "venue": "SBLEX", "ts": "2016-04-20T23:28:07.739494771Z"}, {"ok": true, "asks": [{"price": 4924, "isBuy": false, "qty": 100}, {"price": 4942, "isBuy": false, "qty": 100}, {"price": 4973, "isBuy": false, "qty": 99}, {"price": 4991, "isBuy": false, "qty": 99}, {"price": 5022, "isBuy": false, "qty": 98}, {"price": 5040, "isBuy": false, "qty": 98}, {"price": 5089, "isBuy": false, "qty": 97}], "bids": [{"price": 4706, "isBuy": true, "qty": 8468}, {"price": 4683, "isBuy": true, "qty": 8468}, {"price": 4683, "isBuy": true, "qty": 100}, {"price": 4660, "isBuy": true, "qty": 8468}, {"price": 4637, "isBuy": true, "qty": 99}, {"price": 4591, "isBuy": true, "qty": 98}, {"price": 4545, "isBuy": true, "qty": 97}, {"price": 4477, "isBuy": true, "qty": 99}, {"price": 4433, "isBuy": true, "qty": 99}, {"price": 4432, "isBuy": true, "qty": 99}, {"price": 4389, "isBuy": true, "qty": 99}, {"price": 4345, "isBuy": true, "qty": 99}], "symbol": "VIPO", "venue": "SBLEX", "ts": "2016-04-20T23:28:07.857880817Z"}, {"ok": true, "asks": [{"price": 4924, "isBuy": false, "qty": 100}, {"price": 4942, "isBuy": false, "qty": 100}, {"price": 4973, "isBuy": false, "qty": 99}, {"price": 4991, "isBuy": false, "qty": 99}, {"price": 5022, "isBuy": false, "qty": 98}, {"price": 5040, "isBuy": false, "qty": 98}, {"price": 5089, "isBuy": false, "qty": 97}], "bids": [{"price": 4706, "isBuy": true, "qty": 8468}, {"price": 4683, "isBuy": true, "qty": 8468}, {"price": 4683, "isBuy": true, "qty": 100}, {"price": 4660, "isBuy": true, "qty": 8468}, {"price": 4637, "isBuy": true, "qty": 99}, {"price": 4591, "isBuy": true, "qty": 98}, {"price": 4545, "isBuy": true, "qty": 97}, {"price": 4477, "isBuy": true, "qty": 99}, {"price": 4433, "isBuy": true, "qty": 99}, {"price": 4432, "isBuy": true, "qty": 99}, {"price": 4389, "isBuy": true, "qty": 99}, {"price": 4345, "isBuy": true, "qty": 99}], "symbol": "VIPO", "venue": "SBLEX", "ts": "2016-04-20T23:28:07.965131152Z"}, {"ok": true, "asks": [{"price": 4964, "isBuy": false, "qty": 1462}, {"price": 4988, "isBuy": false, "qty": 1462}, {"price": 5012, "isBuy": false, "qty": 1462}, {"price": 5089, "isBuy": false, "qty": 38}], "bids": [{"price": 4725, "isBuy": true, "qty": 8537}, {"price": 4702, "isBuy": true, "qty": 8537}, {"price": 4683, "isBuy": true, "qty": 100}, {"price": 4679, "isBuy": true, "qty": 8537}, {"price": 4637, "isBuy": true, "qty": 99}, {"price": 4591, "isBuy": true, "qty": 98}, {"price": 4545, "isBuy": true, "qty": 97}, {"price": 4477, "isBuy": true, "qty": 99}, {"price": 4433, "isBuy": true, "qty": 99}, {"price": 4432, "isBuy": true, "qty": 99}, {"price": 4389, "isBuy": true, "qty": 99}, {"price": 4345, "isBuy": true, "qty": 99}], "symbol": "VIPO", "venue": "SBLEX", "ts": "2016-04-20T23:28:10.774660202Z"}, {"ok": true, "asks": [{"price": 4964, "isBuy": false, "qty": 1462}, {"price": 4988, "isBuy": false, "qty": 1462}, {"price": 5012, "isBuy": false, "qty": 1462}, {"price": 5089, "isBuy": false, "qty": 38}], "bids": [{"price": 4725, "isBuy": true, "qty": 8537}, {"price": 4702, "isBuy": true, "qty": 8537}, {"price": 4683, "isBuy": true, "qty": 100}, {"price": 4679, "isBuy": true, "qty": 8537}, {"price": 4637, "isBuy": true, "qty": 99}, {"price": 4591, "isBuy": true, "qty": 98}, {"price": 4545, "isBuy": true, "qty": 97}, {"price": 4477, "isBuy": true, "qty": 99}, {"price": 4433, "isBuy": true, "qty": 99}, {"price": 4432, "isBuy": true, "qty": 99}, {"price": 4389, "isBuy": true, "qty": 99}, {"price": 4345, "isBuy": true, "qty": 99}], "symbol": "VIPO", "venue": "SBLEX", "ts": "2016-04-20T23:28:11.06732759Z"}, {"ok": true, "asks": [{"price": 4964, "isBuy": false, "qty": 1462}, {"price": 4988, "isBuy": false, "qty": 1462}, {"price": 5012, "isBuy": false, "qty": 1462}, {"price": 5089, "isBuy": false, "qty": 38}], "bids": [{"price": 4725, "isBuy": true, "qty": 8537}, {"price": 4702, "isBuy": true, "qty": 8537}, {"price": 4683, "isBuy": true, "qty": 100}, {"price": 4679, "isBuy": true, "qty": 8537}, {"price": 4637, "isBuy": true, "qty": 99}, {"price": 4591, "isBuy": true, "qty": 98}, {"price": 4545, "isBuy": true, "qty": 97}, {"price": 4477, "isBuy": true, "qty": 99}, {"price": 4433, "isBuy": true, "qty": 99}, {"price": 4432, "isBuy": true, "qty": 99}, {"price": 4389, "isBuy": true, "qty": 99}, {"price": 4345, "isBuy": true, "qty": 99}], "symbol": "VIPO", "venue": "SBLEX", "ts": "2016-04-20T23:28:11.16117871Z"}, {"ok": true, "asks": [{"price": 4964, "isBuy": false, "qty": 1462}, {"price": 4988, "isBuy": false, "qty": 1462}, {"price": 5012, "isBuy": false, "qty": 1462}, {"price": 5089, "isBuy": false, "qty": 38}], "bids": [{"price": 4725, "isBuy": true, "qty": 8537}, {"price": 4702, "isBuy": true, "qty": 8537}, {"price": 4683, "isBuy": true, "qty": 100}, {"price": 4679, "isBuy": true, "qty": 8537}, {"price": 4637, "isBuy": true, "qty": 99}, {"price": 4591, "isBuy": true, "qty": 98}, {"price": 4545, "isBuy": true, "qty": 97}, {"price": 4477, "isBuy": true, "qty": 99}, {"price": 4433, "isBuy": true, "qty": 99}, {"price": 4432, "isBuy": true, "qty": 99}, {"price": 4389, "isBuy": true, "qty": 99}, {"price": 4345, "isBuy": true, "qty": 99}], "symbol": "VIPO", "venue": "SBLEX", "ts": "2016-04-20T23:28:11.252291144Z"}, {"ok": true, "asks": [{"price": 4964, "isBuy": false, "qty": 1462}, {"price": 4988, "isBuy": false, "qty": 1462}, {"price": 5012, "isBuy": false, "qty": 1462}, {"price": 5089, "isBuy": false, "qty": 38}], "bids": [{"price": 4725, "isBuy": true, "qty": 8537}, {"price": 4702, "isBuy": true, "qty": 8537}, {"price": 4683, "isBuy": true, "qty": 100}, {"price": 4679, "isBuy": true, "qty": 8537}, {"price": 4637, "isBuy": true, "qty": 99}, {"price": 4591, "isBuy": true, "qty": 98}, {"price": 4545, "isBuy": true, "qty": 97}, {"price": 4477, "isBuy": true, "qty": 99}, {"price": 4433, "isBuy": true, "qty": 99}, {"price": 4432, "isBuy": true, "qty": 99}, {"price": 4389, "isBuy": true, "qty": 99}, {"price": 4345, "isBuy": true, "qty": 99}], "symbol": "VIPO", "venue": "SBLEX", "ts": "2016-04-20T23:28:11.346824871Z"}, {"ok": true, "asks": [{"price": 4964, "isBuy": false, "qty": 1462}, {"price": 4988, "isBuy": false, "qty": 1462}, {"price": 5012, "isBuy": false, "qty": 1462}, {"price": 5089, "isBuy": false, "qty": 38}], "bids": [{"price": 4725, "isBuy": true, "qty": 8537}, {"price": 4702, "isBuy": true, "qty": 8537}, {"price": 4683, "isBuy": true, "qty": 100}, {"price": 4679, "isBuy": true, "qty": 8537}, {"price": 4637, "isBuy": true, "qty": 99}, {"price": 4591, "isBuy": true, "qty": 98}, {"price": 4545, "isBuy": true, "qty": 97}, {"price": 4477, "isBuy": true, "qty": 99}, {"price": 4433, "isBuy": true, "qty": 99}, {"price": 4432, "isBuy": true, "qty": 99}, {"price": 4389, "isBuy": true, "qty": 99}, {"price": 4345, "isBuy": true, "qty": 99}], "symbol": "VIPO", "venue": "SBLEX", "ts": "2016-04-20T23:28:11.440163107Z"}, {"ok": true, "asks": [{"price": 4964, "isBuy": false, "qty": 1462}, {"price": 4988, "isBuy": false, "qty": 1462}, {"price": 5012, "isBuy": false, "qty": 1462}, {"price": 5089, "isBuy": false, "qty": 38}], "bids": [{"price": 4725, "isBuy": true, "qty": 8537}, {"price": 4702, "isBuy": true, "qty": 8537}, {"price": 4683, "isBuy": true, "qty": 100}, {"price": 4679, "isBuy": true, "qty": 8537}, {"price": 4637, "isBuy": true, "qty": 99}, {"price": 4591, "isBuy": true, "qty": 98}, {"price": 4545, "isBuy": true, "qty": 97}, {"price": 4477, "isBuy": true, "qty": 99}, {"price": 4433, "isBuy": true, "qty": 99}, {"price": 4432, "isBuy": true, "qty": 99}, {"price": 4389, "isBuy": true, "qty": 99}, {"price": 4345, "isBuy": true, "qty": 99}], "symbol": "VIPO", "venue": "SBLEX", "ts": "2016-04-20T23:28:11.570634377Z"}, {"ok": true, "asks": [{"price": 4964, "isBuy": false, "qty": 1462}, {"price": 4988, "isBuy": false, "qty": 1462}, {"price": 5012, "isBuy": false, "qty": 1462}, {"price": 5089, "isBuy": false, "qty": 38}], "bids": [{"price": 4725, "isBuy": true, "qty": 8537}, {"price": 4702, "isBuy": true, "qty": 8537}, {"price": 4683, "isBuy": true, "qty": 100}, {"price": 4679, "isBuy": true, "qty": 8537}, {"price": 4637, "isBuy": true, "qty": 99}, {"price": 4591, "isBuy": true, "qty": 98}, {"price": 4545, "isBuy": true, "qty": 97}, {"price": 4477, "isBuy": true, "qty": 99}, {"price": 4433, "isBuy": true, "qty": 99}, {"price": 4432, "isBuy": true, "qty": 99}, {"price": 4389, "isBuy": true, "qty": 99}, {"price": 4345, "isBuy": true, "qty": 99}], "symbol": "VIPO", "venue": "SBLEX", "ts": "2016-04-20T23:28:11.71834677Z"}, {"ok": true, "asks": [{"price": 4964, "isBuy": false, "qty": 1462}, {"price": 4988, "isBuy": false, "qty": 1462}, {"price": 5012, "isBuy": false, "qty": 1462}, {"price": 5089, "isBuy": false, "qty": 38}], "bids": [{"price": 4725, "isBuy": true, "qty": 8537}, {"price": 4702, "isBuy": true, "qty": 8537}, {"price": 4683, "isBuy": true, "qty": 100}, {"price": 4679, "isBuy": true, "qty": 8537}, {"price": 4637, "isBuy": true, "qty": 99}, {"price": 4591, "isBuy": true, "qty": 98}, {"price": 4545, "isBuy": true, "qty": 97}, {"price": 4477, "isBuy": true, "qty": 99}, {"price": 4433, "isBuy": true, "qty": 99}, {"price": 4432, "isBuy": true, "qty": 99}, {"price": 4389, "isBuy": true, "qty": 99}, {"price": 4345, "isBuy": true, "qty": 99}], "symbol": "VIPO", "venue": "SBLEX", "ts": "2016-04-20T23:28:11.867411531Z"}, {"ok": true, "asks": [{"price": 4964, "isBuy": false, "qty": 1462}, {"price": 4988, "isBuy": false, "qty": 1462}, {"price": 5012, "isBuy": false, "qty": 1462}, {"price": 5089, "isBuy": false, "qty": 38}], "bids": [{"price": 4725, "isBuy": true, "qty": 8537}, {"price": 4702, "isBuy": true, "qty": 8537}, {"price": 4683, "isBuy": true, "qty": 100}, {"price": 4679, "isBuy": true, "qty": 8537}, {"price": 4637, "isBuy": true, "qty": 99}, {"price": 4591, "isBuy": true, "qty": 98}, {"price": 4545, "isBuy": true, "qty": 97}, {"price": 4477, "isBuy": true, "qty": 99}, {"price": 4433, "isBuy": true, "qty": 99}, {"price": 4432, "isBuy": true, "qty": 99}, {"price": 4389, "isBuy": true, "qty": 99}, {"price": 4345, "isBuy": true, "qty": 99}], "symbol": "VIPO", "venue": "SBLEX", "ts": "2016-04-20T23:28:12.016146251Z"}, {"ok": true, "asks": [{"price": 4964, "isBuy": false, "qty": 1462}, {"price": 4988, "isBuy": false, "qty": 1462}, {"price": 5012, "isBuy": false, "qty": 1462}, {"price": 5089, "isBuy": false, "qty": 38}], "bids": [{"price": 4725, "isBuy": true, "qty": 8537}, {"price": 4702, "isBuy": true, "qty": 8537}, {"price": 4683, "isBuy": true, "qty": 100}, {"price": 4679, "isBuy": true, "qty": 8537}, {"price": 4637, "isBuy": true, "qty": 99}, {"price": 4591, "isBuy": true, "qty": 98}, {"price": 4545, "isBuy": true, "qty": 97}, {"price": 4477, "isBuy": true, "qty": 99}, {"price": 4433, "isBuy": true, "qty": 99}, {"price": 4432, "isBuy": true, "qty": 99}, {"price": 4389, "isBuy": true, "qty": 99}, {"price": 4345, "isBuy": true, "qty": 99}], "symbol": "VIPO", "venue": "SBLEX", "ts": "2016-04-20T23:28:12.113388967Z"}, {"ok": true, "asks": [{"price": 5089, "isBuy": false, "qty": 38}], "bids": [{"price": 4702, "isBuy": true, "qty": 8537}, {"price": 4683, "isBuy": true, "qty": 100}, {"price": 4679, "isBuy": true, "qty": 8537}, {"price": 4637, "isBuy": true, "qty": 99}, {"price": 4591, "isBuy": true, "qty": 98}, {"price": 4545, "isBuy": true, "qty": 97}, {"price": 4477, "isBuy": true, "qty": 99}, {"price": 4433, "isBuy": true, "qty": 99}, {"price": 4432, "isBuy": true, "qty": 99}, {"price": 4389, "isBuy": true, "qty": 99}, {"price": 4345, "isBuy": true, "qty": 99}], "symbol": "VIPO", "venue": "SBLEX", "ts": "2016-04-20T23:28:14.118649155Z"}, {"ok": true, "asks": [{"price": 4769, "isBuy": false, "qty": 116}, {"price": 4856, "isBuy": false, "qty": 1433}, {"price": 4880, "isBuy": false, "qty": 1433}, {"price": 4904, "isBuy": false, "qty": 1433}, {"price": 5089, "isBuy": false, "qty": 38}], "bids": [{"price": 4746, "isBuy": true, "qty": 8566}, {"price": 4723, "isBuy": true, "qty": 8566}, {"price": 4700, "isBuy": true, "qty": 8566}, {"price": 4683, "isBuy": true, "qty": 100}, {"price": 4637, "isBuy": true, "qty": 99}, {"price": 4591, "isBuy": true, "qty": 98}, {"price": 4545, "isBuy": true, "qty": 97}, {"price": 4477, "isBuy": true, "qty": 99}, {"price": 4433, "isBuy": true, "qty": 99}, {"price": 4432, "isBuy": true, "qty": 99}, {"price": 4389, "isBuy": true, "qty": 99}, {"price": 4345, "isBuy": true, "qty": 99}], "symbol": "VIPO", "venue": "SBLEX", "ts": "2016-04-20T23:28:15.434695311Z"}, {"ok": true, "asks": [{"price": 4769, "isBuy": false, "qty": 116}, {"price": 4856, "isBuy": false, "qty": 1433}, {"price": 4880, "isBuy": false, "qty": 1433}, {"price": 4904, "isBuy": false, "qty": 1433}, {"price": 5089, "isBuy": false, "qty": 38}], "bids": [{"price": 4746, "isBuy": true, "qty": 8566}, {"price": 4723, "isBuy": true, "qty": 8566}, {"price": 4700, "isBuy": true, "qty": 8566}, {"price": 4683, "isBuy": true, "qty": 100}, {"price": 4637, "isBuy": true, "qty": 99}, {"price": 4591, "isBuy": true, "qty": 98}, {"price": 4545, "isBuy": true, "qty": 97}, {"price": 4477, "isBuy": true, "qty": 99}, {"price": 4433, "isBuy": true, "qty": 99}, {"price": 4432, "isBuy": true, "qty": 99}, {"price": 4389, "isBuy": true, "qty": 99}, {"price": 4345, "isBuy": true, "qty": 99}], "symbol": "VIPO", "venue": "SBLEX", "ts": "2016-04-20T23:28:15.600975319Z"}, {"ok": true, "asks": [{"price": 4769, "isBuy": false, "qty": 116}, {"price": 4856, "isBuy": false, "qty": 1433}, {"price": 4880, "isBuy": false, "qty": 1433}, {"price": 4904, "isBuy": false, "qty": 1433}, {"price": 5089, "isBuy": false, "qty": 38}], "bids": [{"price": 4746, "isBuy": true, "qty": 8566}, {"price": 4723, "isBuy": true, "qty": 8566}, {"price": 4700, "isBuy": true, "qty": 8566}, {"price": 4683, "isBuy": true, "qty": 100}, {"price": 4637, "isBuy": true, "qty": 99}, {"price": 4591, "isBuy": true, "qty": 98}, {"price": 4545, "isBuy": true, "qty": 97}, {"price": 4477, "isBuy": true, "qty": 99}, {"price": 4433, "isBuy": true, "qty": 99}, {"price": 4432, "isBuy": true, "qty": 99}, {"price": 4389, "isBuy": true, "qty": 99}, {"price": 4345, "isBuy": true, "qty": 99}], "symbol": "VIPO", "venue": "SBLEX", "ts": "2016-04-20T23:28:15.715032537Z"}, {"ok": true, "asks": [{"price": 4769, "isBuy": false, "qty": 116}, {"price": 4856, "isBuy": false, "qty": 1433}, {"price": 4880, "isBuy": false, "qty": 1433}, {"price": 4904, "isBuy": false, "qty": 1433}, {"price": 5089, "isBuy": false, "qty": 38}], "bids": [{"price": 4746, "isBuy": true, "qty": 8566}, {"price": 4723, "isBuy": true, "qty": 8566}, {"price": 4700, "isBuy": true, "qty": 8566}, {"price": 4683, "isBuy": true, "qty": 100}, {"price": 4637, "isBuy": true, "qty": 99}, {"price": 4591, "isBuy": true, "qty": 98}, {"price": 4545, "isBuy": true, "qty": 97}, {"price": 4477, "isBuy": true, "qty": 99}, {"price": 4433, "isBuy": true, "qty": 99}, {"price": 4432, "isBuy": true, "qty": 99}, {"price": 4389, "isBuy": true, "qty": 99}, {"price": 4345, "isBuy": true, "qty": 99}], "symbol": "VIPO", "venue": "SBLEX", "ts": "2016-04-20T23:28:15.811995889Z"}, {"ok": true, "asks": [{"price": 4769, "isBuy": false, "qty": 116}, {"price": 4856, "isBuy": false, "qty": 1433}, {"price": 4880, "isBuy": false, "qty": 1433}, {"price": 4904, "isBuy": false, "qty": 1433}, {"price": 5089, "isBuy": false, "qty": 38}], "bids": [{"price": 4746, "isBuy": true, "qty": 8566}, {"price": 4723, "isBuy": true, "qty": 8566}, {"price": 4700, "isBuy": true, "qty": 8566}, {"price": 4683, "isBuy": true, "qty": 100}, {"price": 4637, "isBuy": true, "qty": 99}, {"price": 4591, "isBuy": true, "qty": 98}, {"price": 4545, "isBuy": true, "qty": 97}, {"price": 4477, "isBuy": true, "qty": 99}, {"price": 4433, "isBuy": true, "qty": 99}, {"price": 4432, "isBuy": true, "qty": 99}, {"price": 4389, "isBuy": true, "qty": 99}, {"price": 4345, "isBuy": true, "qty": 99}], "symbol": "VIPO", "venue": "SBLEX", "ts": "2016-04-20T23:28:15.910236839Z"}, {"ok": true, "asks": [{"price": 4769, "isBuy": false, "qty": 116}, {"price": 4856, "isBuy": false, "qty": 1433}, {"price": 4880, "isBuy": false, "qty": 1433}, {"price": 4904, "isBuy": false, "qty": 1433}, {"price": 5089, "isBuy": false, "qty": 38}], "bids": [{"price": 4746, "isBuy": true, "qty": 8566}, {"price": 4723, "isBuy": true, "qty": 8566}, {"price": 4700, "isBuy": true, "qty": 8566}, {"price": 4683, "isBuy": true, "qty": 100}, {"price": 4637, "isBuy": true, "qty": 99}, {"price": 4591, "isBuy": true, "qty": 98}, {"price": 4545, "isBuy": true, "qty": 97}, {"price": 4477, "isBuy": true, "qty": 99}, {"price": 4433, "isBuy": true, "qty": 99}, {"price": 4432, "isBuy": true, "qty": 99}, {"price": 4389, "isBuy": true, "qty": 99}, {"price": 4345, "isBuy": true, "qty": 99}], "symbol": "VIPO", "venue": "SBLEX", "ts": "2016-04-20T23:28:16.016438866Z"}, {"ok": true, "asks": [{"price": 4769, "isBuy": false, "qty": 116}, {"price": 4856, "isBuy": false, "qty": 1433}, {"price": 4880, "isBuy": false, "qty": 1433}, {"price": 4904, "isBuy": false, "qty": 1433}, {"price": 5089, "isBuy": false, "qty": 38}], "bids": [{"price": 4746, "isBuy": true, "qty": 8566}, {"price": 4723, "isBuy": true, "qty": 8566}, {"price": 4700, "isBuy": true, "qty": 8566}, {"price": 4683, "isBuy": true, "qty": 100}, {"price": 4637, "isBuy": true, "qty": 99}, {"price": 4591, "isBuy": true, "qty": 98}, {"price": 4545, "isBuy": true, "qty": 97}, {"price": 4477, "isBuy": true, "qty": 99}, {"price": 4433, "isBuy": true, "qty": 99}, {"price": 4432, "isBuy": true, "qty": 99}, {"price": 4389, "isBuy": true, "qty": 99}, {"price": 4345, "isBuy": true, "qty": 99}], "symbol": "VIPO", "venue": "SBLEX", "ts": "2016-04-20T23:28:16.113086179Z"}, {"ok": true, "asks": [{"price": 4769, "isBuy": false, "qty": 116}, {"price": 4856, "isBuy": false, "qty": 1433}, {"price": 4880, "isBuy": false, "qty": 1433}, {"price": 4904, "isBuy": false, "qty": 1433}, {"price": 5089, "isBuy": false, "qty": 38}], "bids": [{"price": 4746, "isBuy": true, "qty": 8566}, {"price": 4723, "isBuy": true, "qty": 8566}, {"price": 4700, "isBuy": true, "qty": 8566}, {"price": 4683, "isBuy": true, "qty": 100}, {"price": 4637, "isBuy": true, "qty": 99}, {"price": 4591, "isBuy": true, "qty": 98}, {"price": 4545, "isBuy": true, "qty": 97}, {"price": 4477, "isBuy": true, "qty": 99}, {"price": 4433, "isBuy": true, "qty": 99}, {"price": 4432, "isBuy": true, "qty": 99}, {"price": 4389, "isBuy": true, "qty": 99}, {"price": 4345, "isBuy": true, "qty": 99}], "symbol": "VIPO", "venue": "SBLEX", "ts": "2016-04-20T23:28:16.210105313Z"}, {"ok": true, "asks": [{"price": 4769, "isBuy": false, "qty": 116}, {"price": 4856, "isBuy": false, "qty": 1433}, {"price": 4880, "isBuy": false, "qty": 1433}, {"price": 4904, "isBuy": false, "qty": 1433}, {"price": 5089, "isBuy": false, "qty": 38}], "bids": [{"price": 4746, "isBuy": true, "qty": 8566}, {"price": 4723, "isBuy": true, "qty": 8566}, {"price": 4700, "isBuy": true, "qty": 8566}, {"price": 4683, "isBuy": true, "qty": 100}, {"price": 4637, "isBuy": true, "qty": 99}, {"price": 4591, "isBuy": true, "qty": 98}, {"price": 4545, "isBuy": true, "qty": 97}, {"price": 4477, "isBuy": true, "qty": 99}, {"price": 4433, "isBuy": true, "qty": 99}, {"price": 4432, "isBuy": true, "qty": 99}, {"price": 4389, "isBuy": true, "qty": 99}, {"price": 4345, "isBuy": true, "qty": 99}], "symbol": "VIPO", "venue": "SBLEX", "ts": "2016-04-20T23:28:16.338162795Z"}, {"ok": true, "asks": [{"price": 4769, "isBuy": false, "qty": 116}, {"price": 4856, "isBuy": false, "qty": 1433}, {"price": 4880, "isBuy": false, "qty": 1433}, {"price": 4904, "isBuy": false, "qty": 1433}, {"price": 5089, "isBuy": false, "qty": 38}], "bids": [{"price": 4746, "isBuy": true, "qty": 8566}, {"price": 4723, "isBuy": true, "qty": 8566}, {"price": 4700, "isBuy": true, "qty": 8566}, {"price": 4683, "isBuy": true, "qty": 100}, {"price": 4637, "isBuy": true, "qty": 99}, {"price": 4591, "isBuy": true, "qty": 98}, {"price": 4545, "isBuy": true, "qty": 97}, {"price": 4477, "isBuy": true, "qty": 99}, {"price": 4433, "isBuy": true, "qty": 99}, {"price": 4432, "isBuy": true, "qty": 99}, {"price": 4389, "isBuy": true, "qty": 99}, {"price": 4345, "isBuy": true, "qty": 99}], "symbol": "VIPO", "venue": "SBLEX", "ts": "2016-04-20T23:28:16.432570771Z"}, {"ok": true, "asks": [{"price": 4769, "isBuy": false, "qty": 116}, {"price": 4856, "isBuy": false, "qty": 1433}, {"price": 4880, "isBuy": false, "qty": 1433}, {"price": 4904, "isBuy": false, "qty": 1433}, {"price": 5089, "isBuy": false, "qty": 38}], "bids": [{"price": 4746, "isBuy": true, "qty": 8566}, {"price": 4723, "isBuy": true, "qty": 8566}, {"price": 4700, "isBuy": true, "qty": 8566}, {"price": 4683, "isBuy": true, "qty": 100}, {"price": 4637, "isBuy": true, "qty": 99}, {"price": 4591, "isBuy": true, "qty": 98}, {"price": 4545, "isBuy": true, "qty": 97}, {"price": 4477, "isBuy": true, "qty": 99}, {"price": 4433, "isBuy": true, "qty": 99}, {"price": 4432, "isBuy": true, "qty": 99}, {"price": 4389, "isBuy": true, "qty": 99}, {"price": 4345, "isBuy": true, "qty": 99}], "symbol": "VIPO", "venue": "SBLEX", "ts": "2016-04-20T23:28:17.196010628Z"}, {"ok": true, "asks": [{"price": 4769, "isBuy": false, "qty": 1256}, {"price": 5089, "isBuy": false, "qty": 38}], "bids": [{"price": 4677, "isBuy": true, "qty": 8655}, {"price": 4654, "isBuy": true, "qty": 8655}, {"price": 4637, "isBuy": true, "qty": 99}, {"price": 4631, "isBuy": true, "qty": 8655}, {"price": 4591, "isBuy": true, "qty": 98}, {"price": 4545, "isBuy": true, "qty": 97}, {"price": 4477, "isBuy": true, "qty": 99}, {"price": 4433, "isBuy": true, "qty": 99}, {"price": 4432, "isBuy": true, "qty": 99}, {"price": 4389, "isBuy": true, "qty": 99}, {"price": 4345, "isBuy": true, "qty": 99}], "symbol": "VIPO", "venue": "SBLEX", "ts": "2016-04-20T23:28:19.695630701Z"}, {"ok": true, "asks": [{"price": 4769, "isBuy": false, "qty": 1256}, {"price": 5089, "isBuy": false, "qty": 38}], "bids": [{"price": 4677, "isBuy": true, "qty": 8655}, {"price": 4654, "isBuy": true, "qty": 8655}, {"price": 4637, "isBuy": true, "qty": 99}, {"price": 4631, "isBuy": true, "qty": 8655}, {"price": 4591, "isBuy": true, "qty": 98}, {"price": 4545, "isBuy": true, "qty": 97}, {"price": 4477, "isBuy": true, "qty": 99}, {"price": 4433, "isBuy": true, "qty": 99}, {"price": 4432, "isBuy": true, "qty": 99}, {"price": 4389, "isBuy": true, "qty": 99}, {"price": 4345, "isBuy": true, "qty": 99}], "symbol": "VIPO", "venue": "SBLEX", "ts": "2016-04-20T23:28:19.792822313Z"}, {"ok": true, "asks": [{"price": 4769, "isBuy": false, "qty": 1256}, {"price": 5089, "isBuy": false, "qty": 38}], "bids": [{"price": 4677, "isBuy": true, "qty": 8655}, {"price": 4654, "isBuy": true, "qty": 8655}, {"price": 4637, "isBuy": true, "qty": 99}, {"price": 4631, "isBuy": true, "qty": 8655}, {"price": 4591, "isBuy": true, "qty": 98}, {"price": 4545, "isBuy": true, "qty": 97}, {"price": 4477, "isBuy": true, "qty": 99}, {"price": 4433, "isBuy": true, "qty": 99}, {"price": 4432, "isBuy": true, "qty": 99}, {"price": 4389, "isBuy": true, "qty": 99}, {"price": 4345, "isBuy": true, "qty": 99}], "symbol": "VIPO", "venue": "SBLEX", "ts": "2016-04-20T23:28:19.891231418Z"}, {"ok": true, "asks": [{"price": 4769, "isBuy": false, "qty": 1256}, {"price": 5089, "isBuy": false, "qty": 38}], "bids": [{"price": 4677, "isBuy": true, "qty": 8655}, {"price": 4654, "isBuy": true, "qty": 8655}, {"price": 4637, "isBuy": true, "qty": 99}, {"price": 4631, "isBuy": true, "qty": 8655}, {"price": 4591, "isBuy": true, "qty": 98}, {"price": 4545, "isBuy": true, "qty": 97}, {"price": 4477, "isBuy": true, "qty": 99}, {"price": 4433, "isBuy": true, "qty": 99}, {"price": 4432, "isBuy": true, "qty": 99}, {"price": 4389, "isBuy": true, "qty": 99}, {"price": 4345, "isBuy": true, "qty": 99}], "symbol": "VIPO", "venue": "SBLEX", "ts": "2016-04-20T23:28:20.002615169Z"}, {"ok": true, "asks": [{"price": 4769, "isBuy": false, "qty": 1256}, {"price": 5089, "isBuy": false, "qty": 38}], "bids": [{"price": 4677, "isBuy": true, "qty": 8655}, {"price": 4654, "isBuy": true, "qty": 8655}, {"price": 4637, "isBuy": true, "qty": 99}, {"price": 4631, "isBuy": true, "qty": 8655}, {"price": 4591, "isBuy": true, "qty": 98}, {"price": 4545, "isBuy": true, "qty": 97}, {"price": 4477, "isBuy": true, "qty": 99}, {"price": 4433, "isBuy": true, "qty": 99}, {"price": 4432, "isBuy": true, "qty": 99}, {"price": 4389, "isBuy": true, "qty": 99}, {"price": 4345, "isBuy": true, "qty": 99}], "symbol": "VIPO", "venue": "SBLEX", "ts": "2016-04-20T23:28:20.114832353Z"}, {"ok": true, "asks": [{"price": 4769, "isBuy": false, "qty": 1256}, {"price": 5089, "isBuy": false, "qty": 38}], "bids": [{"price": 4677, "isBuy": true, "qty": 8655}, {"price": 4654, "isBuy": true, "qty": 8655}, {"price": 4637, "isBuy": true, "qty": 99}, {"price": 4631, "isBuy": true, "qty": 8655}, {"price": 4591, "isBuy": true, "qty": 98}, {"price": 4545, "isBuy": true, "qty": 97}, {"price": 4477, "isBuy": true, "qty": 99}, {"price": 4433, "isBuy": true, "qty": 99}, {"price": 4432, "isBuy": true, "qty": 99}, {"price": 4389, "isBuy": true, "qty": 99}, {"price": 4345, "isBuy": true, "qty": 99}], "symbol": "VIPO", "venue": "SBLEX", "ts": "2016-04-20T23:28:20.21493918Z"}, {"ok": true, "asks": [{"price": 4769, "isBuy": false, "qty": 1256}, {"price": 5089, "isBuy": false, "qty": 38}], "bids": [{"price": 4677, "isBuy": true, "qty": 8655}, {"price": 4654, "isBuy": true, "qty": 8655}, {"price": 4637, "isBuy": true, "qty": 99}, {"price": 4631, "isBuy": true, "qty": 8655}, {"price": 4591, "isBuy": true, "qty": 98}, {"price": 4545, "isBuy": true, "qty": 97}, {"price": 4477, "isBuy": true, "qty": 99}, {"price": 4433, "isBuy": true, "qty": 99}, {"price": 4432, "isBuy": true, "qty": 99}, {"price": 4389, "isBuy": true, "qty": 99}, {"price": 4345, "isBuy": true, "qty": 99}], "symbol": "VIPO", "venue": "SBLEX", "ts": "2016-04-20T23:28:20.315286564Z"}, {"ok": true, "asks": [{"price": 4769, "isBuy": false, "qty": 1256}, {"price": 5089, "isBuy": false, "qty": 38}], "bids": [{"price": 4677, "isBuy": true, "qty": 8655}, {"price": 4654, "isBuy": true, "qty": 8655}, {"price": 4637, "isBuy": true, "qty": 99}, {"price": 4631, "isBuy": true, "qty": 8655}, {"price": 4591, "isBuy": true, "qty": 98}, {"price": 4545, "isBuy": true, "qty": 97}, {"price": 4477, "isBuy": true, "qty": 99}, {"price": 4433, "isBuy": true, "qty": 99}, {"price": 4432, "isBuy": true, "qty": 99}, {"price": 4389, "isBuy": true, "qty": 99}, {"price": 4345, "isBuy": true, "qty": 99}], "symbol": "VIPO", "venue": "SBLEX", "ts": "2016-04-20T23:28:20.469408924Z"}, {"ok": true, "asks": [{"price": 4769, "isBuy": false, "qty": 1256}, {"price": 5089, "isBuy": false, "qty": 38}], "bids": [{"price": 4677, "isBuy": true, "qty": 8655}, {"price": 4654, "isBuy": true, "qty": 8655}, {"price": 4637, "isBuy": true, "qty": 99}, {"price": 4631, "isBuy": true, "qty": 8655}, {"price": 4591, "isBuy": true, "qty": 98}, {"price": 4545, "isBuy": true, "qty": 97}, {"price": 4477, "isBuy": true, "qty": 99}, {"price": 4433, "isBuy": true, "qty": 99}, {"price": 4432, "isBuy": true, "qty": 99}, {"price": 4389, "isBuy": true, "qty": 99}, {"price": 4345, "isBuy": true, "qty": 99}], "symbol": "VIPO", "venue": "SBLEX", "ts": "2016-04-20T23:28:20.585196321Z"}, {"ok": true, "asks": [{"price": 4769, "isBuy": false, "qty": 1256}, {"price": 5089, "isBuy": false, "qty": 38}], "bids": [{"price": 4677, "isBuy": true, "qty": 8655}, {"price": 4654, "isBuy": true, "qty": 8655}, {"price": 4637, "isBuy": true, "qty": 99}, {"price": 4631, "isBuy": true, "qty": 8655}, {"price": 4591, "isBuy": true, "qty": 98}, {"price": 4545, "isBuy": true, "qty": 97}, {"price": 4477, "isBuy": true, "qty": 99}, {"price": 4433, "isBuy": true, "qty": 99}, {"price": 4432, "isBuy": true, "qty": 99}, {"price": 4389, "isBuy": true, "qty": 99}, {"price": 4345, "isBuy": true, "qty": 99}], "symbol": "VIPO", "venue": "SBLEX", "ts": "2016-04-20T23:28:20.700539291Z"}, {"ok": true, "asks": [{"price": 4769, "isBuy": false, "qty": 1256}, {"price": 5089, "isBuy": false, "qty": 38}], "bids": [{"price": 4677, "isBuy": true, "qty": 8655}, {"price": 4654, "isBuy": true, "qty": 8655}, {"price": 4637, "isBuy": true, "qty": 99}, {"price": 4631, "isBuy": true, "qty": 8655}, {"price": 4591, "isBuy": true, "qty": 98}, {"price": 4545, "isBuy": true, "qty": 97}, {"price": 4477, "isBuy": true, "qty": 99}, {"price": 4433, "isBuy": true, "qty": 99}, {"price": 4432, "isBuy": true, "qty": 99}, {"price": 4389, "isBuy": true, "qty": 99}, {"price": 4345, "isBuy": true, "qty": 99}], "symbol": "VIPO", "venue": "SBLEX", "ts": "2016-04-20T23:28:23.821924475Z"}, {"ok": true, "asks": [{"price": 4769, "isBuy": false, "qty": 1256}, {"price": 5089, "isBuy": false, "qty": 38}], "bids": [{"price": 4677, "isBuy": true, "qty": 8655}, {"price": 4654, "isBuy": true, "qty": 8655}, {"price": 4637, "isBuy": true, "qty": 99}, {"price": 4631, "isBuy": true, "qty": 8655}, {"price": 4591, "isBuy": true, "qty": 98}, {"price": 4545, "isBuy": true, "qty": 97}, {"price": 4477, "isBuy": true, "qty": 99}, {"price": 4433, "isBuy": true, "qty": 99}, {"price": 4432, "isBuy": true, "qty": 99}, {"price": 4389, "isBuy": true, "qty": 99}, {"price": 4345, "isBuy": true, "qty": 99}], "symbol": "VIPO", "venue": "SBLEX", "ts": "2016-04-20T23:28:23.928642492Z"}, {"ok": true, "asks": [{"price": 4809, "isBuy": false, "qty": 192}], "bids": [{"price": 4761, "isBuy": true, "qty": 8796}, {"price": 4737, "isBuy": true, "qty": 8796}, {"price": 4637, "isBuy": true, "qty": 99}, {"price": 4591, "isBuy": true, "qty": 98}, {"price": 4545, "isBuy": true, "qty": 97}, {"price": 4477, "isBuy": true, "qty": 99}, {"price": 4433, "isBuy": true, "qty": 99}, {"price": 4432, "isBuy": true, "qty": 99}, {"price": 4389, "isBuy": true, "qty": 99}, {"price": 4345, "isBuy": true, "qty": 99}], "symbol": "VIPO", "venue": "SBLEX", "ts": "2016-04-20T23:28:24.18068451Z"}, {"ok": true, "asks": [{"price": 5146, "isBuy": false, "qty": 1226}, {"price": 5171, "isBuy": false, "qty": 1226}, {"price": 5196, "isBuy": false, "qty": 1226}], "bids": [{"price": 4637, "isBuy": true, "qty": 99}, {"price": 4591, "isBuy": true, "qty": 98}, {"price": 4545, "isBuy": true, "qty": 97}, {"price": 4477, "isBuy": true, "qty": 99}, {"price": 4433, "isBuy": true, "qty": 99}, {"price": 4432, "isBuy": true, "qty": 99}, {"price": 4389, "isBuy": true, "qty": 99}, {"price": 4345, "isBuy": true, "qty": 99}], "symbol": "VIPO", "venue": "SBLEX", "ts": "2016-04-20T23:28:24.381691365Z"}, {"ok": true, "asks": [{"price": 5146, "isBuy": false, "qty": 1226}, {"price": 5171, "isBuy": false, "qty": 1226}, {"price": 5196, "isBuy": false, "qty": 1226}], "bids": [{"price": 4637, "isBuy": true, "qty": 99}, {"price": 4591, "isBuy": true, "qty": 98}, {"price": 4545, "isBuy": true, "qty": 97}, {"price": 4477, "isBuy": true, "qty": 99}, {"price": 4433, "isBuy": true, "qty": 99}, {"price": 4432, "isBuy": true, "qty": 99}, {"price": 4389, "isBuy": true, "qty": 99}, {"price": 4345, "isBuy": true, "qty": 99}], "symbol": "VIPO", "venue": "SBLEX", "ts": "2016-04-20T23:28:24.56453535Z"}, {"ok": true, "asks": [{"price": 5146, "isBuy": false, "qty": 1226}, {"price": 5171, "isBuy": false, "qty": 1226}, {"price": 5196, "isBuy": false, "qty": 1226}], "bids": [{"price": 4637, "isBuy": true, "qty": 99}, {"price": 4591, "isBuy": true, "qty": 98}, {"price": 4545, "isBuy": true, "qty": 97}, {"price": 4477, "isBuy": true, "qty": 99}, {"price": 4433, "isBuy": true, "qty": 99}, {"price": 4432, "isBuy": true, "qty": 99}, {"price": 4389, "isBuy": true, "qty": 99}, {"price": 4345, "isBuy": true, "qty": 99}], "symbol": "VIPO", "venue": "SBLEX", "ts": "2016-04-20T23:28:24.812085173Z"}, {"ok": true, "asks": [{"price": 5146, "isBuy": false, "qty": 1226}, {"price": 5171, "isBuy": false, "qty": 1226}, {"price": 5196, "isBuy": false, "qty": 1226}], "bids": [{"price": 4637, "isBuy": true, "qty": 99}, {"price": 4591, "isBuy": true, "qty": 98}, {"price": 4545, "isBuy": true, "qty": 97}, {"price": 4477, "isBuy": true, "qty": 99}, {"price": 4433, "isBuy": true, "qty": 99}, {"price": 4432, "isBuy": true, "qty": 99}, {"price": 4389, "isBuy": true, "qty": 99}, {"price": 4345, "isBuy": true, "qty": 99}], "symbol": "VIPO", "venue": "SBLEX", "ts": "2016-04-20T23:28:25.005428955Z"}, {"ok": true, "asks": [{"price": 5146, "isBuy": false, "qty": 1226}, {"price": 5171, "isBuy": false, "qty": 1226}, {"price": 5196, "isBuy": false, "qty": 1226}], "bids": [{"price": 4637, "isBuy": true, "qty": 99}, {"price": 4591, "isBuy": true, "qty": 98}, {"price": 4545, "isBuy": true, "qty": 97}, {"price": 4477, "isBuy": true, "qty": 99}, {"price": 4433, "isBuy": true, "qty": 99}, {"price": 4432, "isBuy": true, "qty": 99}, {"price": 4389, "isBuy": true, "qty": 99}, {"price": 4345, "isBuy": true, "qty": 99}], "symbol": "VIPO", "venue": "SBLEX", "ts": "2016-04-20T23:28:25.207133547Z"}, {"ok": true, "asks": [{"price": 5146, "isBuy": false, "qty": 1226}, {"price": 5171, "isBuy": false, "qty": 1226}, {"price": 5196, "isBuy": false, "qty": 1226}], "bids": [{"price": 4591, "isBuy": true, "qty": 98}, {"price": 4545, "isBuy": true, "qty": 97}, {"price": 4477, "isBuy": true, "qty": 99}, {"price": 4433, "isBuy": true, "qty": 99}, {"price": 4432, "isBuy": true, "qty": 99}, {"price": 4389, "isBuy": true, "qty": 99}, {"price": 4345, "isBuy": true, "qty": 99}], "symbol": "VIPO", "venue": "SBLEX", "ts": "2016-04-20T23:28:25.622862816Z"}, {"ok": true, "asks": [{"price": 5146, "isBuy": false, "qty": 1226}, {"price": 5171, "isBuy": false, "qty": 1226}, {"price": 5196, "isBuy": false, "qty": 1226}], "bids": [{"price": 4545, "isBuy": true, "qty": 97}, {"price": 4477, "isBuy": true, "qty": 99}, {"price": 4433, "isBuy": true, "qty": 99}, {"price": 4432, "isBuy": true, "qty": 99}, {"price": 4389, "isBuy": true, "qty": 99}, {"price": 4345, "isBuy": true, "qty": 99}], "symbol": "VIPO", "venue": "SBLEX", "ts": "2016-04-20T23:28:25.811692188Z"}, {"ok": true, "asks": [{"price": 5146, "isBuy": false, "qty": 1226}, {"price": 5171, "isBuy": false, "qty": 1226}, {"price": 5196, "isBuy": false, "qty": 1226}], "bids": [{"price": 4654, "isBuy": true, "qty": 100}, {"price": 4608, "isBuy": true, "qty": 99}, {"price": 4562, "isBuy": true, "qty": 98}, {"price": 4516, "isBuy": true, "qty": 97}, {"price": 4477, "isBuy": true, "qty": 99}, {"price": 4433, "isBuy": true, "qty": 99}, {"price": 4432, "isBuy": true, "qty": 99}, {"price": 4389, "isBuy": true, "qty": 99}, {"price": 4345, "isBuy": true, "qty": 99}], "symbol": "VIPO", "venue": "SBLEX", "ts": "2016-04-20T23:28:27.342021659Z"}, {"ok": true, "asks": [{"price": 4984, "isBuy": false, "qty": 1226}], "bids": [{"price": 4888, "isBuy": true, "qty": 8593}, {"price": 4864, "isBuy": true, "qty": 8773}, {"price": 4840, "isBuy": true, "qty": 8773}, {"price": 4654, "isBuy": true, "qty": 100}, {"price": 4608, "isBuy": true, "qty": 99}, {"price": 4562, "isBuy": true, "qty": 98}, {"price": 4516, "isBuy": true, "qty": 97}, {"price": 4477, "isBuy": true, "qty": 99}, {"price": 4433, "isBuy": true, "qty": 99}, {"price": 4432, "isBuy": true, "qty": 99}, {"price": 4389, "isBuy": true, "qty": 99}, {"price": 4345, "isBuy": true, "qty": 99}], "symbol": "VIPO", "venue": "SBLEX", "ts": "2016-04-20T23:28:29.138465341Z"}, {"ok": true, "asks": [{"price": 5116, "isBuy": false, "qty": 1238}, {"price": 5141, "isBuy": false, "qty": 1238}, {"price": 5166, "isBuy": false, "qty": 1238}], "bids": [{"price": 4888, "isBuy": true, "qty": 8377}, {"price": 4864, "isBuy": true, "qty": 8761}, {"price": 4840, "isBuy": true, "qty": 8761}, {"price": 4654, "isBuy": true, "qty": 100}, {"price": 4608, "isBuy": true, "qty": 99}, {"price": 4562, "isBuy": true, "qty": 98}, {"price": 4516, "isBuy": true, "qty": 97}, {"price": 4477, "isBuy": true, "qty": 99}, {"price": 4433, "isBuy": true, "qty": 99}, {"price": 4432, "isBuy": true, "qty": 99}, {"price": 4389, "isBuy": true, "qty": 99}, {"price": 4345, "isBuy": true, "qty": 99}], "symbol": "VIPO", "venue": "SBLEX", "ts": "2016-04-20T23:28:29.251320876Z"}, {"ok": true, "asks": [{"price": 5116, "isBuy": false, "qty": 1238}, {"price": 5141, "isBuy": false, "qty": 1238}, {"price": 5166, "isBuy": false, "qty": 1238}], "bids": [{"price": 4888, "isBuy": true, "qty": 8377}, {"price": 4864, "isBuy": true, "qty": 8761}, {"price": 4840, "isBuy": true, "qty": 8761}, {"price": 4654, "isBuy": true, "qty": 100}, {"price": 4608, "isBuy": true, "qty": 99}, {"price": 4562, "isBuy": true, "qty": 98}, {"price": 4516, "isBuy": true, "qty": 97}, {"price": 4477, "isBuy": true, "qty": 99}, {"price": 4433, "isBuy": true, "qty": 99}, {"price": 4432, "isBuy": true, "qty": 99}, {"price": 4389, "isBuy": true, "qty": 99}, {"price": 4345, "isBuy": true, "qty": 99}], "symbol": "VIPO", "venue": "SBLEX", "ts": "2016-04-20T23:28:29.367491517Z"}, {"ok": true, "asks": [{"price": 5116, "isBuy": false, "qty": 1238}, {"price": 5141, "isBuy": false, "qty": 1238}, {"price": 5166, "isBuy": false, "qty": 1238}], "bids": [{"price": 4888, "isBuy": true, "qty": 8377}, {"price": 4864, "isBuy": true, "qty": 8761}, {"price": 4840, "isBuy": true, "qty": 8761}, {"price": 4654, "isBuy": true, "qty": 100}, {"price": 4608, "isBuy": true, "qty": 99}, {"price": 4562, "isBuy": true, "qty": 98}, {"price": 4516, "isBuy": true, "qty": 97}, {"price": 4477, "isBuy": true, "qty": 99}, {"price": 4433, "isBuy": true, "qty": 99}, {"price": 4432, "isBuy": true, "qty": 99}, {"price": 4389, "isBuy": true, "qty": 99}, {"price": 4345, "isBuy": true, "qty": 99}], "symbol": "VIPO", "venue": "SBLEX", "ts": "2016-04-20T23:28:29.461646905Z"}, {"ok": true, "asks": [{"price": 5116, "isBuy": false, "qty": 1238}, {"price": 5141, "isBuy": false, "qty": 1238}, {"price": 5166, "isBuy": false, "qty": 1238}], "bids": [{"price": 4888, "isBuy": true, "qty": 8377}, {"price": 4864, "isBuy": true, "qty": 8761}, {"price": 4840, "isBuy": true, "qty": 8761}, {"price": 4654, "isBuy": true, "qty": 100}, {"price": 4608, "isBuy": true, "qty": 99}, {"price": 4562, "isBuy": true, "qty": 98}, {"price": 4516, "isBuy": true, "qty": 97}, {"price": 4477, "isBuy": true, "qty": 99}, {"price": 4433, "isBuy": true, "qty": 99}, {"price": 4432, "isBuy": true, "qty": 99}, {"price": 4389, "isBuy": true, "qty": 99}, {"price": 4345, "isBuy": true, "qty": 99}], "symbol": "VIPO", "venue": "SBLEX", "ts": "2016-04-20T23:28:29.554695458Z"}, {"ok": true, "asks": [{"price": 5116, "isBuy": false, "qty": 1238}, {"price": 5141, "isBuy": false, "qty": 1238}, {"price": 5166, "isBuy": false, "qty": 1238}], "bids": [{"price": 4888, "isBuy": true, "qty": 8377}, {"price": 4864, "isBuy": true, "qty": 8761}, {"price": 4840, "isBuy": true, "qty": 8761}, {"price": 4654, "isBuy": true, "qty": 100}, {"price": 4608, "isBuy": true, "qty": 99}, {"price": 4562, "isBuy": true, "qty": 98}, {"price": 4516, "isBuy": true, "qty": 97}, {"price": 4477, "isBuy": true, "qty": 99}, {"price": 4433, "isBuy": true, "qty": 99}, {"price": 4432, "isBuy": true, "qty": 99}, {"price": 4389, "isBuy": true, "qty": 99}, {"price": 4345, "isBuy": true, "qty": 99}], "symbol": "VIPO", "venue": "SBLEX", "ts": "2016-04-20T23:28:29.648504717Z"}, {"ok": true, "asks": [{"price": 5116, "isBuy": false, "qty": 1238}, {"price": 5141, "isBuy": false, "qty": 1238}, {"price": 5166, "isBuy": false, "qty": 1238}], "bids": [{"price": 4888, "isBuy": true, "qty": 8377}, {"price": 4864, "isBuy": true, "qty": 8761}, {"price": 4840, "isBuy": true, "qty": 8761}, {"price": 4654, "isBuy": true, "qty": 100}, {"price": 4608, "isBuy": true, "qty": 99}, {"price": 4562, "isBuy": true, "qty": 98}, {"price": 4516, "isBuy": true, "qty": 97}, {"price": 4477, "isBuy": true, "qty": 99}, {"price": 4433, "isBuy": true, "qty": 99}, {"price": 4432, "isBuy": true, "qty": 99}, {"price": 4389, "isBuy": true, "qty": 99}, {"price": 4345, "isBuy": true, "qty": 99}], "symbol": "VIPO", "venue": "SBLEX", "ts": "2016-04-20T23:28:29.753640173Z"}, {"ok": true, "asks": [{"price": 5116, "isBuy": false, "qty": 1238}, {"price": 5141, "isBuy": false, "qty": 1238}, {"price": 5166, "isBuy": false, "qty": 1238}], "bids": [{"price": 4888, "isBuy": true, "qty": 8377}, {"price": 4864, "isBuy": true, "qty": 8761}, {"price": 4840, "isBuy": true, "qty": 8761}, {"price": 4654, "isBuy": true, "qty": 100}, {"price": 4608, "isBuy": true, "qty": 99}, {"price": 4562, "isBuy": true, "qty": 98}, {"price": 4516, "isBuy": true, "qty": 97}, {"price": 4477, "isBuy": true, "qty": 99}, {"price": 4433, "isBuy": true, "qty": 99}, {"price": 4432, "isBuy": true, "qty": 99}, {"price": 4389, "isBuy": true, "qty": 99}, {"price": 4345, "isBuy": true, "qty": 99}], "symbol": "VIPO", "venue": "SBLEX", "ts": "2016-04-20T23:28:29.867535199Z"}, {"ok": true, "asks": [{"price": 5116, "isBuy": false, "qty": 1238}, {"price": 5141, "isBuy": false, "qty": 1238}, {"price": 5166, "isBuy": false, "qty": 1238}], "bids": [{"price": 4888, "isBuy": true, "qty": 8377}, {"price": 4864, "isBuy": true, "qty": 8761}, {"price": 4840, "isBuy": true, "qty": 8761}, {"price": 4654, "isBuy": true, "qty": 100}, {"price": 4608, "isBuy": true, "qty": 99}, {"price": 4562, "isBuy": true, "qty": 98}, {"price": 4516, "isBuy": true, "qty": 97}, {"price": 4477, "isBuy": true, "qty": 99}, {"price": 4433, "isBuy": true, "qty": 99}, {"price": 4432, "isBuy": true, "qty": 99}, {"price": 4389, "isBuy": true, "qty": 99}, {"price": 4345, "isBuy": true, "qty": 99}], "symbol": "VIPO", "venue": "SBLEX", "ts": "2016-04-20T23:28:29.98842018Z"}, {"ok": true, "asks": [{"price": 5116, "isBuy": false, "qty": 1238}, {"price": 5141, "isBuy": false, "qty": 1238}, {"price": 5166, "isBuy": false, "qty": 1238}], "bids": [{"price": 4888, "isBuy": true, "qty": 8377}, {"price": 4864, "isBuy": true, "qty": 8761}, {"price": 4840, "isBuy": true, "qty": 8761}, {"price": 4654, "isBuy": true, "qty": 100}, {"price": 4608, "isBuy": true, "qty": 99}, {"price": 4562, "isBuy": true, "qty": 98}, {"price": 4516, "isBuy": true, "qty": 97}, {"price": 4477, "isBuy": true, "qty": 99}, {"price": 4433, "isBuy": true, "qty": 99}, {"price": 4432, "isBuy": true, "qty": 99}, {"price": 4389, "isBuy": true, "qty": 99}, {"price": 4345, "isBuy": true, "qty": 99}], "symbol": "VIPO", "venue": "SBLEX", "ts": "2016-04-20T23:28:30.114205971Z"}, {"ok": true, "asks": [{"price": 5116, "isBuy": false, "qty": 1238}, {"price": 5141, "isBuy": false, "qty": 1238}, {"price": 5166, "isBuy": false, "qty": 1238}], "bids": [{"price": 4888, "isBuy": true, "qty": 8377}, {"price": 4864, "isBuy": true, "qty": 8761}, {"price": 4840, "isBuy": true, "qty": 8761}, {"price": 4654, "isBuy": true, "qty": 100}, {"price": 4608, "isBuy": true, "qty": 99}, {"price": 4562, "isBuy": true, "qty": 98}, {"price": 4516, "isBuy": true, "qty": 97}, {"price": 4477, "isBuy": true, "qty": 99}, {"price": 4433, "isBuy": true, "qty": 99}, {"price": 4432, "isBuy": true, "qty": 99}, {"price": 4389, "isBuy": true, "qty": 99}, {"price": 4345, "isBuy": true, "qty": 99}], "symbol": "VIPO", "venue": "SBLEX", "ts": "2016-04-20T23:28:33.210935726Z"}, {"ok": true, "asks": [{"price": 5116, "isBuy": false, "qty": 1238}, {"price": 5141, "isBuy": false, "qty": 1238}, {"price": 5166, "isBuy": false, "qty": 1238}], "bids": [{"price": 4888, "isBuy": true, "qty": 8377}, {"price": 4864, "isBuy": true, "qty": 8761}, {"price": 4840, "isBuy": true, "qty": 8761}, {"price": 4654, "isBuy": true, "qty": 100}, {"price": 4608, "isBuy": true, "qty": 99}, {"price": 4562, "isBuy": true, "qty": 98}, {"price": 4516, "isBuy": true, "qty": 97}, {"price": 4477, "isBuy": true, "qty": 99}, {"price": 4433, "isBuy": true, "qty": 99}, {"price": 4432, "isBuy": true, "qty": 99}, {"price": 4389, "isBuy": true, "qty": 99}, {"price": 4345, "isBuy": true, "qty": 99}], "symbol": "VIPO", "venue": "SBLEX", "ts": "2016-04-20T23:28:33.313812961Z"}, {"ok": true, "asks": [{"price": 5116, "isBuy": false, "qty": 1238}, {"price": 5141, "isBuy": false, "qty": 1238}, {"price": 5166, "isBuy": false, "qty": 1238}], "bids": [{"price": 4888, "isBuy": true, "qty": 8377}, {"price": 4864, "isBuy": true, "qty": 8761}, {"price": 4840, "isBuy": true, "qty": 8761}, {"price": 4654, "isBuy": true, "qty": 100}, {"price": 4608, "isBuy": true, "qty": 99}, {"price": 4562, "isBuy": true, "qty": 98}, {"price": 4516, "isBuy": true, "qty": 97}, {"price": 4477, "isBuy": true, "qty": 99}, {"price": 4433, "isBuy": true, "qty": 99}, {"price": 4432, "isBuy": true, "qty": 99}, {"price": 4389, "isBuy": true, "qty": 99}, {"price": 4345, "isBuy": true, "qty": 99}], "symbol": "VIPO", "venue": "SBLEX", "ts": "2016-04-20T23:28:33.317369498Z"}, {"ok": true, "asks": [{"price": 5116, "isBuy": false, "qty": 1238}, {"price": 5141, "isBuy": false, "qty": 1238}, {"price": 5166, "isBuy": false, "qty": 1238}], "bids": [{"price": 4888, "isBuy": true, "qty": 8377}, {"price": 4864, "isBuy": true, "qty": 8761}, {"price": 4840, "isBuy": true, "qty": 8761}, {"price": 4654, "isBuy": true, "qty": 100}, {"price": 4608, "isBuy": true, "qty": 99}, {"price": 4562, "isBuy": true, "qty": 98}, {"price": 4516, "isBuy": true, "qty": 97}, {"price": 4477, "isBuy": true, "qty": 99}, {"price": 4433, "isBuy": true, "qty": 99}, {"price": 4432, "isBuy": true, "qty": 99}, {"price": 4389, "isBuy": true, "qty": 99}, {"price": 4345, "isBuy": true, "qty": 99}], "symbol": "VIPO", "venue": "SBLEX", "ts": "2016-04-20T23:28:33.414819966Z"}, {"ok": true, "asks": [{"price": 5116, "isBuy": false, "qty": 1238}, {"price": 5141, "isBuy": false, "qty": 1238}, {"price": 5166, "isBuy": false, "qty": 1238}], "bids": [{"price": 4888, "isBuy": true, "qty": 8377}, {"price": 4864, "isBuy": true, "qty": 8761}, {"price": 4840, "isBuy": true, "qty": 8761}, {"price": 4654, "isBuy": true, "qty": 100}, {"price": 4608, "isBuy": true, "qty": 99}, {"price": 4562, "isBuy": true, "qty": 98}, {"price": 4516, "isBuy": true, "qty": 97}, {"price": 4477, "isBuy": true, "qty": 99}, {"price": 4433, "isBuy": true, "qty": 99}, {"price": 4432, "isBuy": true, "qty": 99}, {"price": 4389, "isBuy": true, "qty": 99}, {"price": 4345, "isBuy": true, "qty": 99}], "symbol": "VIPO", "venue": "SBLEX", "ts": "2016-04-20T23:28:33.507494998Z"}, {"ok": true, "asks": [{"price": 5116, "isBuy": false, "qty": 1238}, {"price": 5141, "isBuy": false, "qty": 1238}, {"price": 5166, "isBuy": false, "qty": 1238}], "bids": [{"price": 4888, "isBuy": true, "qty": 8377}, {"price": 4864, "isBuy": true, "qty": 8761}, {"price": 4840, "isBuy": true, "qty": 8761}, {"price": 4654, "isBuy": true, "qty": 100}, {"price": 4608, "isBuy": true, "qty": 99}, {"price": 4562, "isBuy": true, "qty": 98}, {"price": 4516, "isBuy": true, "qty": 97}, {"price": 4477, "isBuy": true, "qty": 99}, {"price": 4433, "isBuy": true, "qty": 99}, {"price": 4432, "isBuy": true, "qty": 99}, {"price": 4389, "isBuy": true, "qty": 99}, {"price": 4345, "isBuy": true, "qty": 99}], "symbol": "VIPO", "venue": "SBLEX", "ts": "2016-04-20T23:28:33.598001858Z"}, {"ok": true, "asks": [{"price": 5116, "isBuy": false, "qty": 1238}, {"price": 5141, "isBuy": false, "qty": 1238}, {"price": 5166, "isBuy": false, "qty": 1238}], "bids": [{"price": 4888, "isBuy": true, "qty": 8377}, {"price": 4864, "isBuy": true, "qty": 8761}, {"price": 4840, "isBuy": true, "qty": 8761}, {"price": 4654, "isBuy": true, "qty": 100}, {"price": 4608, "isBuy": true, "qty": 99}, {"price": 4562, "isBuy": true, "qty": 98}, {"price": 4516, "isBuy": true, "qty": 97}, {"price": 4477, "isBuy": true, "qty": 99}, {"price": 4433, "isBuy": true, "qty": 99}, {"price": 4432, "isBuy": true, "qty": 99}, {"price": 4389, "isBuy": true, "qty": 99}, {"price": 4345, "isBuy": true, "qty": 99}], "symbol": "VIPO", "venue": "SBLEX", "ts": "2016-04-20T23:28:33.692657031Z"}, {"ok": true, "asks": [{"price": 5116, "isBuy": false, "qty": 1238}, {"price": 5141, "isBuy": false, "qty": 1238}, {"price": 5166, "isBuy": false, "qty": 1238}], "bids": [{"price": 4888, "isBuy": true, "qty": 8377}, {"price": 4864, "isBuy": true, "qty": 8761}, {"price": 4840, "isBuy": true, "qty": 8761}, {"price": 4654, "isBuy": true, "qty": 100}, {"price": 4608, "isBuy": true, "qty": 99}, {"price": 4562, "isBuy": true, "qty": 98}, {"price": 4516, "isBuy": true, "qty": 97}, {"price": 4477, "isBuy": true, "qty": 99}, {"price": 4433, "isBuy": true, "qty": 99}, {"price": 4432, "isBuy": true, "qty": 99}, {"price": 4389, "isBuy": true, "qty": 99}, {"price": 4345, "isBuy": true, "qty": 99}], "symbol": "VIPO", "venue": "SBLEX", "ts": "2016-04-20T23:28:33.790998476Z"}, {"ok": true, "asks": [{"price": 5116, "isBuy": false, "qty": 1238}, {"price": 5141, "isBuy": false, "qty": 1238}, {"price": 5166, "isBuy": false, "qty": 1238}], "bids": [{"price": 4888, "isBuy": true, "qty": 8377}, {"price": 4864, "isBuy": true, "qty": 8761}, {"price": 4840, "isBuy": true, "qty": 8761}, {"price": 4654, "isBuy": true, "qty": 100}, {"price": 4608, "isBuy": true, "qty": 99}, {"price": 4562, "isBuy": true, "qty": 98}, {"price": 4516, "isBuy": true, "qty": 97}, {"price": 4477, "isBuy": true, "qty": 99}, {"price": 4433, "isBuy": true, "qty": 99}, {"price": 4432, "isBuy": true, "qty": 99}, {"price": 4389, "isBuy": true, "qty": 99}, {"price": 4345, "isBuy": true, "qty": 99}], "symbol": "VIPO", "venue": "SBLEX", "ts": "2016-04-20T23:28:33.885125359Z"}, {"ok": true, "asks": [{"price": 5116, "isBuy": false, "qty": 1238}, {"price": 5141, "isBuy": false, "qty": 1238}, {"price": 5166, "isBuy": false, "qty": 1238}], "bids": [{"price": 4888, "isBuy": true, "qty": 8377}, {"price": 4864, "isBuy": true, "qty": 8761}, {"price": 4840, "isBuy": true, "qty": 8761}, {"price": 4654, "isBuy": true, "qty": 100}, {"price": 4608, "isBuy": true, "qty": 99}, {"price": 4562, "isBuy": true, "qty": 98}, {"price": 4516, "isBuy": true, "qty": 97}, {"price": 4477, "isBuy": true, "qty": 99}, {"price": 4433, "isBuy": true, "qty": 99}, {"price": 4432, "isBuy": true, "qty": 99}, {"price": 4389, "isBuy": true, "qty": 99}, {"price": 4345, "isBuy": true, "qty": 99}], "symbol": "VIPO", "venue": "SBLEX", "ts": "2016-04-20T23:28:33.978350762Z"}, {"ok": true, "asks": [{"price": 5095, "isBuy": false, "qty": 1309}, {"price": 5120, "isBuy": false, "qty": 1309}, {"price": 5145, "isBuy": false, "qty": 1309}], "bids": [{"price": 4988, "isBuy": true, "qty": 123}, {"price": 4859, "isBuy": true, "qty": 8556}, {"price": 4835, "isBuy": true, "qty": 8556}, {"price": 4811, "isBuy": true, "qty": 8556}, {"price": 4654, "isBuy": true, "qty": 100}, {"price": 4608, "isBuy": true, "qty": 99}, {"price": 4562, "isBuy": true, "qty": 98}, {"price": 4516, "isBuy": true, "qty": 97}, {"price": 4477, "isBuy": true, "qty": 99}, {"price": 4433, "isBuy": true, "qty": 99}, {"price": 4432, "isBuy": true, "qty": 99}, {"price": 4389, "isBuy": true, "qty": 99}, {"price": 4345, "isBuy": true, "qty": 99}], "symbol": "VIPO", "venue": "SBLEX", "ts": "2016-04-20T23:28:36.636830741Z"}, {"ok": true, "asks": [{"price": 5095, "isBuy": false, "qty": 1309}, {"price": 5120, "isBuy": false, "qty": 1309}, {"price": 5145, "isBuy": false, "qty": 1309}], "bids": [{"price": 4988, "isBuy": true, "qty": 123}, {"price": 4859, "isBuy": true, "qty": 8556}, {"price": 4835, "isBuy": true, "qty": 8556}, {"price": 4811, "isBuy": true, "qty": 8556}, {"price": 4654, "isBuy": true, "qty": 100}, {"price": 4608, "isBuy": true, "qty": 99}, {"price": 4562, "isBuy": true, "qty": 98}, {"price": 4516, "isBuy": true, "qty": 97}, {"price": 4477, "isBuy": true, "qty": 99}, {"price": 4433, "isBuy": true, "qty": 99}, {"price": 4432, "isBuy": true, "qty": 99}, {"price": 4389, "isBuy": true, "qty": 99}, {"price": 4345, "isBuy": true, "qty": 99}], "symbol": "VIPO", "venue": "SBLEX", "ts": "2016-04-20T23:28:37.227583197Z"}, {"ok": true, "asks": [{"price": 5095, "isBuy": false, "qty": 1309}, {"price": 5120, "isBuy": false, "qty": 1309}, {"price": 5145, "isBuy": false, "qty": 1309}], "bids": [{"price": 4988, "isBuy": true, "qty": 123}, {"price": 4859, "isBuy": true, "qty": 8556}, {"price": 4835, "isBuy": true, "qty": 8556}, {"price": 4811, "isBuy": true, "qty": 8556}, {"price": 4654, "isBuy": true, "qty": 100}, {"price": 4608, "isBuy": true, "qty": 99}, {"price": 4562, "isBuy": true, "qty": 98}, {"price": 4516, "isBuy": true, "qty": 97}, {"price": 4477, "isBuy": true, "qty": 99}, {"price": 4433, "isBuy": true, "qty": 99}, {"price": 4432, "isBuy": true, "qty": 99}, {"price": 4389, "isBuy": true, "qty": 99}, {"price": 4345, "isBuy": true, "qty": 99}], "symbol": "VIPO", "venue": "SBLEX", "ts": "2016-04-20T23:28:37.337700367Z"}, {"ok": true, "asks": [{"price": 5095, "isBuy": false, "qty": 1309}, {"price": 5120, "isBuy": false, "qty": 1309}, {"price": 5145, "isBuy": false, "qty": 1309}], "bids": [{"price": 4988, "isBuy": true, "qty": 123}, {"price": 4859, "isBuy": true, "qty": 8556}, {"price": 4835, "isBuy": true, "qty": 8556}, {"price": 4811, "isBuy": true, "qty": 8556}, {"price": 4654, "isBuy": true, "qty": 100}, {"price": 4608, "isBuy": true, "qty": 99}, {"price": 4562, "isBuy": true, "qty": 98}, {"price": 4516, "isBuy": true, "qty": 97}, {"price": 4477, "isBuy": true, "qty": 99}, {"price": 4433, "isBuy": true, "qty": 99}, {"price": 4432, "isBuy": true, "qty": 99}, {"price": 4389, "isBuy": true, "qty": 99}, {"price": 4345, "isBuy": true, "qty": 99}], "symbol": "VIPO", "venue": "SBLEX", "ts": "2016-04-20T23:28:37.444267503Z"}, {"ok": true, "asks": [{"price": 5095, "isBuy": false, "qty": 1309}, {"price": 5120, "isBuy": false, "qty": 1309}, {"price": 5145, "isBuy": false, "qty": 1309}], "bids": [{"price": 4988, "isBuy": true, "qty": 123}, {"price": 4859, "isBuy": true, "qty": 8556}, {"price": 4835, "isBuy": true, "qty": 8556}, {"price": 4811, "isBuy": true, "qty": 8556}, {"price": 4654, "isBuy": true, "qty": 100}, {"price": 4608, "isBuy": true, "qty": 99}, {"price": 4562, "isBuy": true, "qty": 98}, {"price": 4516, "isBuy": true, "qty": 97}, {"price": 4477, "isBuy": true, "qty": 99}, {"price": 4433, "isBuy": true, "qty": 99}, {"price": 4432, "isBuy": true, "qty": 99}, {"price": 4389, "isBuy": true, "qty": 99}, {"price": 4345, "isBuy": true, "qty": 99}], "symbol": "VIPO", "venue": "SBLEX", "ts": "2016-04-20T23:28:37.540805476Z"}, {"ok": true, "asks": [{"price": 5095, "isBuy": false, "qty": 1309}, {"price": 5120, "isBuy": false, "qty": 1309}, {"price": 5145, "isBuy": false, "qty": 1309}], "bids": [{"price": 4988, "isBuy": true, "qty": 123}, {"price": 4859, "isBuy": true, "qty": 8556}, {"price": 4835, "isBuy": true, "qty": 8556}, {"price": 4811, "isBuy": true, "qty": 8556}, {"price": 4654, "isBuy": true, "qty": 100}, {"price": 4608, "isBuy": true, "qty": 99}, {"price": 4562, "isBuy": true, "qty": 98}, {"price": 4516, "isBuy": true, "qty": 97}, {"price": 4477, "isBuy": true, "qty": 99}, {"price": 4433, "isBuy": true, "qty": 99}, {"price": 4432, "isBuy": true, "qty": 99}, {"price": 4389, "isBuy": true, "qty": 99}, {"price": 4345, "isBuy": true, "qty": 99}], "symbol": "VIPO", "venue": "SBLEX", "ts": "2016-04-20T23:28:37.649282888Z"}, {"ok": true, "asks": [{"price": 5095, "isBuy": false, "qty": 1309}, {"price": 5120, "isBuy": false, "qty": 1309}, {"price": 5145, "isBuy": false, "qty": 1309}], "bids": [{"price": 4988, "isBuy": true, "qty": 123}, {"price": 4859, "isBuy": true, "qty": 8556}, {"price": 4835, "isBuy": true, "qty": 8556}, {"price": 4811, "isBuy": true, "qty": 8556}, {"price": 4654, "isBuy": true, "qty": 100}, {"price": 4608, "isBuy": true, "qty": 99}, {"price": 4562, "isBuy": true, "qty": 98}, {"price": 4516, "isBuy": true, "qty": 97}, {"price": 4477, "isBuy": true, "qty": 99}, {"price": 4433, "isBuy": true, "qty": 99}, {"price": 4432, "isBuy": true, "qty": 99}, {"price": 4389, "isBuy": true, "qty": 99}, {"price": 4345, "isBuy": true, "qty": 99}], "symbol": "VIPO", "venue": "SBLEX", "ts": "2016-04-20T23:28:37.747027877Z"}, {"ok": true, "asks": [{"price": 5095, "isBuy": false, "qty": 1309}, {"price": 5120, "isBuy": false, "qty": 1309}, {"price": 5145, "isBuy": false, "qty": 1309}], "bids": [{"price": 4988, "isBuy": true, "qty": 123}, {"price": 4859, "isBuy": true, "qty": 8556}, {"price": 4835, "isBuy": true, "qty": 8556}, {"price": 4811, "isBuy": true, "qty": 8556}, {"price": 4654, "isBuy": true, "qty": 100}, {"price": 4608, "isBuy": true, "qty": 99}, {"price": 4562, "isBuy": true, "qty": 98}, {"price": 4516, "isBuy": true, "qty": 97}, {"price": 4477, "isBuy": true, "qty": 99}, {"price": 4433, "isBuy": true, "qty": 99}, {"price": 4432, "isBuy": true, "qty": 99}, {"price": 4389, "isBuy": true, "qty": 99}, {"price": 4345, "isBuy": true, "qty": 99}], "symbol": "VIPO", "venue": "SBLEX", "ts": "2016-04-20T23:28:37.844463334Z"}, {"ok": true, "asks": [{"price": 5095, "isBuy": false, "qty": 1309}, {"price": 5120, "isBuy": false, "qty": 1309}, {"price": 5145, "isBuy": false, "qty": 1309}], "bids": [{"price": 4988, "isBuy": true, "qty": 123}, {"price": 4859, "isBuy": true, "qty": 8556}, {"price": 4835, "isBuy": true, "qty": 8556}, {"price": 4811, "isBuy": true, "qty": 8556}, {"price": 4654, "isBuy": true, "qty": 100}, {"price": 4608, "isBuy": true, "qty": 99}, {"price": 4562, "isBuy": true, "qty": 98}, {"price": 4516, "isBuy": true, "qty": 97}, {"price": 4477, "isBuy": true, "qty": 99}, {"price": 4433, "isBuy": true, "qty": 99}, {"price": 4432, "isBuy": true, "qty": 99}, {"price": 4389, "isBuy": true, "qty": 99}, {"price": 4345, "isBuy": true, "qty": 99}], "symbol": "VIPO", "venue": "SBLEX", "ts": "2016-04-20T23:28:37.951479324Z"}, {"ok": true, "asks": [{"price": 5095, "isBuy": false, "qty": 1309}, {"price": 5120, "isBuy": false, "qty": 1309}, {"price": 5145, "isBuy": false, "qty": 1309}], "bids": [{"price": 4988, "isBuy": true, "qty": 123}, {"price": 4859, "isBuy": true, "qty": 8556}, {"price": 4835, "isBuy": true, "qty": 8556}, {"price": 4811, "isBuy": true, "qty": 8556}, {"price": 4654, "isBuy": true, "qty": 100}, {"price": 4608, "isBuy": true, "qty": 99}, {"price": 4562, "isBuy": true, "qty": 98}, {"price": 4516, "isBuy": true, "qty": 97}, {"price": 4477, "isBuy": true, "qty": 99}, {"price": 4433, "isBuy": true, "qty": 99}, {"price": 4432, "isBuy": true, "qty": 99}, {"price": 4389, "isBuy": true, "qty": 99}, {"price": 4345, "isBuy": true, "qty": 99}], "symbol": "VIPO", "venue": "SBLEX", "ts": "2016-04-20T23:28:38.044575736Z"}, {"ok": true, "asks": null, "bids": [{"price": 4734, "isBuy": true, "qty": 8513}, {"price": 4711, "isBuy": true, "qty": 8513}, {"price": 4688, "isBuy": true, "qty": 8513}, {"price": 4654, "isBuy": true, "qty": 100}, {"price": 4608, "isBuy": true, "qty": 99}, {"price": 4562, "isBuy": true, "qty": 98}, {"price": 4516, "isBuy": true, "qty": 97}, {"price": 4477, "isBuy": true, "qty": 99}, {"price": 4433, "isBuy": true, "qty": 99}, {"price": 4432, "isBuy": true, "qty": 99}, {"price": 4389, "isBuy": true, "qty": 99}, {"price": 4345, "isBuy": true, "qty": 99}], "symbol": "VIPO", "venue": "SBLEX", "ts": "2016-04-20T23:28:40.242457266Z"}, {"ok": true, "asks": null, "bids": [{"price": 4734, "isBuy": true, "qty": 8513}, {"price": 4711, "isBuy": true, "qty": 8513}, {"price": 4688, "isBuy": true, "qty": 8513}, {"price": 4654, "isBuy": true, "qty": 100}, {"price": 4608, "isBuy": true, "qty": 99}, {"price": 4562, "isBuy": true, "qty": 98}, {"price": 4516, "isBuy": true, "qty": 97}, {"price": 4477, "isBuy": true, "qty": 99}, {"price": 4433, "isBuy": true, "qty": 99}, {"price": 4432, "isBuy": true, "qty": 99}, {"price": 4389, "isBuy": true, "qty": 99}, {"price": 4345, "isBuy": true, "qty": 99}], "symbol": "VIPO", "venue": "SBLEX", "ts": "2016-04-20T23:28:41.275254061Z"}, {"ok": true, "asks": null, "bids": [{"price": 4734, "isBuy": true, "qty": 8513}, {"price": 4711, "isBuy": true, "qty": 8513}, {"price": 4688, "isBuy": true, "qty": 8513}, {"price": 4654, "isBuy": true, "qty": 100}, {"price": 4608, "isBuy": true, "qty": 99}, {"price": 4562, "isBuy": true, "qty": 98}, {"price": 4516, "isBuy": true, "qty": 97}, {"price": 4477, "isBuy": true, "qty": 99}, {"price": 4433, "isBuy": true, "qty": 99}, {"price": 4432, "isBuy": true, "qty": 99}, {"price": 4389, "isBuy": true, "qty": 99}, {"price": 4345, "isBuy": true, "qty": 99}], "symbol": "VIPO", "venue": "SBLEX", "ts": "2016-04-20T23:28:41.386966738Z"}, {"ok": true, "asks": null, "bids": [{"price": 4734, "isBuy": true, "qty": 8513}, {"price": 4711, "isBuy": true, "qty": 8513}, {"price": 4688, "isBuy": true, "qty": 8513}, {"price": 4654, "isBuy": true, "qty": 100}, {"price": 4608, "isBuy": true, "qty": 99}, {"price": 4562, "isBuy": true, "qty": 98}, {"price": 4516, "isBuy": true, "qty": 97}, {"price": 4477, "isBuy": true, "qty": 99}, {"price": 4433, "isBuy": true, "qty": 99}, {"price": 4432, "isBuy": true, "qty": 99}, {"price": 4389, "isBuy": true, "qty": 99}, {"price": 4345, "isBuy": true, "qty": 99}], "symbol": "VIPO", "venue": "SBLEX", "ts": "2016-04-20T23:28:41.494922623Z"}, {"ok": true, "asks": null, "bids": [{"price": 4734, "isBuy": true, "qty": 8513}, {"price": 4711, "isBuy": true, "qty": 8513}, {"price": 4688, "isBuy": true, "qty": 8513}, {"price": 4654, "isBuy": true, "qty": 100}, {"price": 4608, "isBuy": true, "qty": 99}, {"price": 4562, "isBuy": true, "qty": 98}, {"price": 4516, "isBuy": true, "qty": 97}, {"price": 4477, "isBuy": true, "qty": 99}, {"price": 4433, "isBuy": true, "qty": 99}, {"price": 4432, "isBuy": true, "qty": 99}, {"price": 4389, "isBuy": true, "qty": 99}, {"price": 4345, "isBuy": true, "qty": 99}], "symbol": "VIPO", "venue": "SBLEX", "ts": "2016-04-20T23:28:41.60032542Z"}, {"ok": true, "asks": null, "bids": [{"price": 4734, "isBuy": true, "qty": 8513}, {"price": 4711, "isBuy": true, "qty": 8513}, {"price": 4688, "isBuy": true, "qty": 8513}, {"price": 4654, "isBuy": true, "qty": 100}, {"price": 4608, "isBuy": true, "qty": 99}, {"price": 4562, "isBuy": true, "qty": 98}, {"price": 4516, "isBuy": true, "qty": 97}, {"price": 4477, "isBuy": true, "qty": 99}, {"price": 4433, "isBuy": true, "qty": 99}, {"price": 4432, "isBuy": true, "qty": 99}, {"price": 4389, "isBuy": true, "qty": 99}, {"price": 4345, "isBuy": true, "qty": 99}], "symbol": "VIPO", "venue": "SBLEX", "ts": "2016-04-20T23:28:41.730137702Z"}, {"ok": true, "asks": null, "bids": [{"price": 4734, "isBuy": true, "qty": 8513}, {"price": 4711, "isBuy": true, "qty": 8513}, {"price": 4688, "isBuy": true, "qty": 8513}, {"price": 4654, "isBuy": true, "qty": 100}, {"price": 4608, "isBuy": true, "qty": 99}, {"price": 4562, "isBuy": true, "qty": 98}, {"price": 4516, "isBuy": true, "qty": 97}, {"price": 4477, "isBuy": true, "qty": 99}, {"price": 4433, "isBuy": true, "qty": 99}, {"price": 4432, "isBuy": true, "qty": 99}, {"price": 4389, "isBuy": true, "qty": 99}, {"price": 4345, "isBuy": true, "qty": 99}], "symbol": "VIPO", "venue": "SBLEX", "ts": "2016-04-20T23:28:41.833968038Z"}, {"ok": true, "asks": null, "bids": [{"price": 4734, "isBuy": true, "qty": 8513}, {"price": 4711, "isBuy": true, "qty": 8513}, {"price": 4688, "isBuy": true, "qty": 8513}, {"price": 4654, "isBuy": true, "qty": 100}, {"price": 4608, "isBuy": true, "qty": 99}, {"price": 4562, "isBuy": true, "qty": 98}, {"price": 4516, "isBuy": true, "qty": 97}, {"price": 4477, "isBuy": true, "qty": 99}, {"price": 4433, "isBuy": true, "qty": 99}, {"price": 4432, "isBuy": true, "qty": 99}, {"price": 4389, "isBuy": true, "qty": 99}, {"price": 4345, "isBuy": true, "qty": 99}], "symbol": "VIPO", "venue": "SBLEX", "ts": "2016-04-20T23:28:41.961924402Z"}, {"ok": true, "asks": null, "bids": [{"price": 4734, "isBuy": true, "qty": 8513}, {"price": 4711, "isBuy": true, "qty": 8513}, {"price": 4688, "isBuy": true, "qty": 8513}, {"price": 4654, "isBuy": true, "qty": 100}, {"price": 4608, "isBuy": true, "qty": 99}, {"price": 4562, "isBuy": true, "qty": 98}, {"price": 4516, "isBuy": true, "qty": 97}, {"price": 4477, "isBuy": true, "qty": 99}, {"price": 4433, "isBuy": true, "qty": 99}, {"price": 4432, "isBuy": true, "qty": 99}, {"price": 4389, "isBuy": true, "qty": 99}, {"price": 4345, "isBuy": true, "qty": 99}], "symbol": "VIPO", "venue": "SBLEX", "ts": "2016-04-20T23:28:42.071377167Z"}, {"ok": true, "asks": null, "bids": [{"price": 4734, "isBuy": true, "qty": 8513}, {"price": 4711, "isBuy": true, "qty": 8513}, {"price": 4688, "isBuy": true, "qty": 8513}, {"price": 4654, "isBuy": true, "qty": 100}, {"price": 4608, "isBuy": true, "qty": 99}, {"price": 4562, "isBuy": true, "qty": 98}, {"price": 4516, "isBuy": true, "qty": 97}, {"price": 4477, "isBuy": true, "qty": 99}, {"price": 4433, "isBuy": true, "qty": 99}, {"price": 4432, "isBuy": true, "qty": 99}, {"price": 4389, "isBuy": true, "qty": 99}, {"price": 4345, "isBuy": true, "qty": 99}], "symbol": "VIPO", "venue": "SBLEX", "ts": "2016-04-20T23:28:42.194652191Z"}, {"ok": true, "asks": null, "bids": [{"price": 4734, "isBuy": true, "qty": 8513}, {"price": 4711, "isBuy": true, "qty": 8513}, {"price": 4688, "isBuy": true, "qty": 8513}, {"price": 4654, "isBuy": true, "qty": 100}, {"price": 4608, "isBuy": true, "qty": 99}, {"price": 4562, "isBuy": true, "qty": 98}, {"price": 4516, "isBuy": true, "qty": 97}, {"price": 4477, "isBuy": true, "qty": 99}, {"price": 4433, "isBuy": true, "qty": 99}, {"price": 4432, "isBuy": true, "qty": 99}, {"price": 4389, "isBuy": true, "qty": 99}, {"price": 4345, "isBuy": true, "qty": 99}], "symbol": "VIPO", "venue": "SBLEX", "ts": "2016-04-20T23:28:43.505232506Z"}, {"ok": true, "asks": [{"price": 4983, "isBuy": false, "qty": 1061}, {"price": 5007, "isBuy": false, "qty": 1061}, {"price": 5031, "isBuy": false, "qty": 1061}, {"price": 6665, "isBuy": false, "qty": 18675}], "bids": [{"price": 4935, "isBuy": true, "qty": 8513}, {"price": 4911, "isBuy": true, "qty": 8513}, {"price": 4887, "isBuy": true, "qty": 8513}, {"price": 4654, "isBuy": true, "qty": 100}, {"price": 4608, "isBuy": true, "qty": 99}, {"price": 4562, "isBuy": true, "qty": 98}, {"price": 4516, "isBuy": true, "qty": 97}, {"price": 4477, "isBuy": true, "qty": 99}, {"price": 4433, "isBuy": true, "qty": 99}, {"price": 4432, "isBuy": true, "qty": 99}, {"price": 4389, "isBuy": true, "qty": 99}, {"price": 4345, "isBuy": true, "qty": 99}], "symbol": "VIPO", "venue": "SBLEX", "ts": "2016-04-20T23:28:45.445512474Z"}, {"ok": true, "asks": [{"price": 4983, "isBuy": false, "qty": 1061}, {"price": 5007, "isBuy": false, "qty": 1061}, {"price": 5031, "isBuy": false, "qty": 1061}, {"price": 6665, "isBuy": false, "qty": 18675}], "bids": [{"price": 4935, "isBuy": true, "qty": 8513}, {"price": 4911, "isBuy": true, "qty": 8513}, {"price": 4887, "isBuy": true, "qty": 8513}, {"price": 4654, "isBuy": true, "qty": 100}, {"price": 4608, "isBuy": true, "qty": 99}, {"price": 4562, "isBuy": true, "qty": 98}, {"price": 4516, "isBuy": true, "qty": 97}, {"price": 4477, "isBuy": true, "qty": 99}, {"price": 4433, "isBuy": true, "qty": 99}, {"price": 4432, "isBuy": true, "qty": 99}, {"price": 4389, "isBuy": true, "qty": 99}, {"price": 4345, "isBuy": true, "qty": 99}], "symbol": "VIPO", "venue": "SBLEX", "ts": "2016-04-20T23:28:45.553958906Z"}, {"ok": true, "asks": [{"price": 4983, "isBuy": false, "qty": 1061}, {"price": 5007, "isBuy": false, "qty": 1061}, {"price": 5031, "isBuy": false, "qty": 1061}, {"price": 6665, "isBuy": false, "qty": 18675}], "bids": [{"price": 4935, "isBuy": true, "qty": 8513}, {"price": 4911, "isBuy": true, "qty": 8513}, {"price": 4887, "isBuy": true, "qty": 8513}, {"price": 4654, "isBuy": true, "qty": 100}, {"price": 4608, "isBuy": true, "qty": 99}, {"price": 4562, "isBuy": true, "qty": 98}, {"price": 4516, "isBuy": true, "qty": 97}, {"price": 4477, "isBuy": true, "qty": 99}, {"price": 4433, "isBuy": true, "qty": 99}, {"price": 4432, "isBuy": true, "qty": 99}, {"price": 4389, "isBuy": true, "qty": 99}, {"price": 4345, "isBuy": true, "qty": 99}], "symbol": "VIPO", "venue": "SBLEX", "ts": "2016-04-20T23:28:45.656137416Z"}, {"ok": true, "asks": [{"price": 4983, "isBuy": false, "qty": 1061}, {"price": 5007, "isBuy": false, "qty": 1061}, {"price": 5031, "isBuy": false, "qty": 1061}, {"price": 6665, "isBuy": false, "qty": 18675}], "bids": [{"price": 4935, "isBuy": true, "qty": 8513}, {"price": 4911, "isBuy": true, "qty": 8513}, {"price": 4887, "isBuy": true, "qty": 8513}, {"price": 4654, "isBuy": true, "qty": 100}, {"price": 4608, "isBuy": true, "qty": 99}, {"price": 4562, "isBuy": true, "qty": 98}, {"price": 4516, "isBuy": true, "qty": 97}, {"price": 4477, "isBuy": true, "qty": 99}, {"price": 4433, "isBuy": true, "qty": 99}, {"price": 4432, "isBuy": true, "qty": 99}, {"price": 4389, "isBuy": true, "qty": 99}, {"price": 4345, "isBuy": true, "qty": 99}], "symbol": "VIPO", "venue": "SBLEX", "ts": "2016-04-20T23:28:45.778651455Z"}, {"ok": true, "asks": [{"price": 4983, "isBuy": false, "qty": 1061}, {"price": 5007, "isBuy": false, "qty": 1061}, {"price": 5031, "isBuy": false, "qty": 1061}, {"price": 6665, "isBuy": false, "qty": 18675}], "bids": [{"price": 4935, "isBuy": true, "qty": 8513}, {"price": 4911, "isBuy": true, "qty": 8513}, {"price": 4887, "isBuy": true, "qty": 8513}, {"price": 4654, "isBuy": true, "qty": 100}, {"price": 4608, "isBuy": true, "qty": 99}, {"price": 4562, "isBuy": true, "qty": 98}, {"price": 4516, "isBuy": true, "qty": 97}, {"price": 4477, "isBuy": true, "qty": 99}, {"price": 4433, "isBuy": true, "qty": 99}, {"price": 4432, "isBuy": true, "qty": 99}, {"price": 4389, "isBuy": true, "qty": 99}, {"price": 4345, "isBuy": true, "qty": 99}], "symbol": "VIPO", "venue": "SBLEX", "ts": "2016-04-20T23:28:45.910570746Z"}, {"ok": true, "asks": [{"price": 4983, "isBuy": false, "qty": 1061}, {"price": 5007, "isBuy": false, "qty": 1061}, {"price": 5031, "isBuy": false, "qty": 1061}, {"price": 6665, "isBuy": false, "qty": 18675}], "bids": [{"price": 4935, "isBuy": true, "qty": 8513}, {"price": 4911, "isBuy": true, "qty": 8513}, {"price": 4887, "isBuy": true, "qty": 8513}, {"price": 4654, "isBuy": true, "qty": 100}, {"price": 4608, "isBuy": true, "qty": 99}, {"price": 4562, "isBuy": true, "qty": 98}, {"price": 4516, "isBuy": true, "qty": 97}, {"price": 4477, "isBuy": true, "qty": 99}, {"price": 4433, "isBuy": true, "qty": 99}, {"price": 4432, "isBuy": true, "qty": 99}, {"price": 4389, "isBuy": true, "qty": 99}, {"price": 4345, "isBuy": true, "qty": 99}], "symbol": "VIPO", "venue": "SBLEX", "ts": "2016-04-20T23:28:46.032547742Z"}, {"ok": true, "asks": [{"price": 4983, "isBuy": false, "qty": 1061}, {"price": 5007, "isBuy": false, "qty": 1061}, {"price": 5031, "isBuy": false, "qty": 1061}, {"price": 6665, "isBuy": false, "qty": 18675}], "bids": [{"price": 4935, "isBuy": true, "qty": 8513}, {"price": 4911, "isBuy": true, "qty": 8513}, {"price": 4887, "isBuy": true, "qty": 8513}, {"price": 4654, "isBuy": true, "qty": 100}, {"price": 4608, "isBuy": true, "qty": 99}, {"price": 4562, "isBuy": true, "qty": 98}, {"price": 4516, "isBuy": true, "qty": 97}, {"price": 4477, "isBuy": true, "qty": 99}, {"price": 4433, "isBuy": true, "qty": 99}, {"price": 4432, "isBuy": true, "qty": 99}, {"price": 4389, "isBuy": true, "qty": 99}, {"price": 4345, "isBuy": true, "qty": 99}], "symbol": "VIPO", "venue": "SBLEX", "ts": "2016-04-20T23:28:46.161140108Z"}, {"ok": true, "asks": [{"price": 4983, "isBuy": false, "qty": 1061}, {"price": 5007, "isBuy": false, "qty": 1061}, {"price": 5031, "isBuy": false, "qty": 1061}, {"price": 6665, "isBuy": false, "qty": 18675}], "bids": [{"price": 4935, "isBuy": true, "qty": 8513}, {"price": 4911, "isBuy": true, "qty": 8513}, {"price": 4887, "isBuy": true, "qty": 8513}, {"price": 4654, "isBuy": true, "qty": 100}, {"price": 4608, "isBuy": true, "qty": 99}, {"price": 4562, "isBuy": true, "qty": 98}