[{"ok": true, "asks": null, "bids": [{"price": 4242, "isBuy": true, "qty": 254}, {"price": 4221, "isBuy": true, "qty": 254}, {"price": 4200, "isBuy": true, "qty": 254}], "symbol": "YXN", "venue": "UYHBEX", "ts": "2016-04-14T18:34:05.477655629Z"}, {"ok": true, "asks": null, "bids": [{"price": 4242, "isBuy": true, "qty": 254}, {"price": 4221, "isBuy": true, "qty": 254}, {"price": 4200, "isBuy": true, "qty": 254}], "symbol": "YXN", "venue": "UYHBEX", "ts": "2016-04-14T18:34:07.956390217Z"}, {"ok": true, "asks": [{"price": 4457, "isBuy": false, "qty": 133}, {"price": 4479, "isBuy": false, "qty": 168}, {"price": 4501, "isBuy": false, "qty": 168}, {"price": 4512, "isBuy": false, "qty": 87}], "bids": [{"price": 4413, "isBuy": true, "qty": 329}, {"price": 4391, "isBuy": true, "qty": 329}, {"price": 4369, "isBuy": true, "qty": 329}], "symbol": "YXN", "venue": "UYHBEX", "ts": "2016-04-14T18:34:10.570599737Z"}, {"ok": true, "asks": [{"price": 4457, "isBuy": false, "qty": 133}, {"price": 4479, "isBuy": false, "qty": 168}, {"price": 4501, "isBuy": false, "qty": 168}, {"price": 4512, "isBuy": false, "qty": 87}, {"price": 4590, "isBuy": false, "qty": 168}], "bids": [{"price": 4413, "isBuy": true, "qty": 329}, {"price": 4391, "isBuy": true, "qty": 329}, {"price": 4391, "isBuy": true, "qty": 250}, {"price": 4369, "isBuy": true, "qty": 329}], "symbol": "YXN", "venue": "UYHBEX", "ts": "2016-04-14T18:34:11.331281731Z"}, {"ok": true, "asks": [{"price": 4457, "isBuy": false, "qty": 133}, {"price": 4479, "isBuy": false, "qty": 168}, {"price": 4501, "isBuy": false, "qty": 168}, {"price": 4512, "isBuy": false, "qty": 87}, {"price": 4590, "isBuy": false, "qty": 168}], "bids": [{"price": 4413, "isBuy": true, "qty": 329}, {"price": 4391, "isBuy": true, "qty": 329}, {"price": 4391, "isBuy": true, "qty": 250}, {"price": 4369, "isBuy": true, "qty": 329}], "symbol": "YXN", "venue": "UYHBEX", "ts": "2016-04-14T18:34:11.456941474Z"}, {"ok": true, "asks": [{"price": 4457, "isBuy": false, "qty": 157}, {"price": 4479, "isBuy": false, "qty": 157}, {"price": 4501, "isBuy": false, "qty": 157}], "bids": [{"price": 4413, "isBuy": true, "qty": 13}, {"price": 4391, "isBuy": true, "qty": 250}, {"price": 4391, "isBuy": true, "qty": 13}, {"price": 4369, "isBuy": true, "qty": 13}], "symbol": "YXN", "venue": "UYHBEX", "ts": "2016-04-14T18:34:13.73412108Z"}, {"ok": true, "asks": [{"price": 4457, "isBuy": false, "qty": 157}, {"price": 4479, "isBuy": false, "qty": 157}, {"price": 4501, "isBuy": false, "qty": 157}, {"price": 4590, "isBuy": false, "qty": 157}], "bids": [{"price": 4413, "isBuy": true, "qty": 13}, {"price": 4391, "isBuy": true, "qty": 250}, {"price": 4391, "isBuy": true, "qty": 13}, {"price": 4391, "isBuy": true, "qty": 250}, {"price": 4369, "isBuy": true, "qty": 13}], "symbol": "YXN", "venue": "UYHBEX", "ts": "2016-04-14T18:34:14.388877598Z"}, {"ok": true, "asks": [{"price": 4457, "isBuy": false, "qty": 157}, {"price": 4479, "isBuy": false, "qty": 157}, {"price": 4501, "isBuy": false, "qty": 157}, {"price": 4590, "isBuy": false, "qty": 157}], "bids": [{"price": 4413, "isBuy": true, "qty": 13}, {"price": 4391, "isBuy": true, "qty": 250}, {"price": 4391, "isBuy": true, "qty": 13}, {"price": 4391, "isBuy": true, "qty": 250}, {"price": 4369, "isBuy": true, "qty": 13}], "symbol": "YXN", "venue": "UYHBEX", "ts": "2016-04-14T18:34:14.484101643Z"}, {"ok": true, "asks": [{"price": 4457, "isBuy": false, "qty": 157}, {"price": 4479, "isBuy": false, "qty": 157}, {"price": 4501, "isBuy": false, "qty": 157}, {"price": 4590, "isBuy": false, "qty": 157}], "bids": [{"price": 4413, "isBuy": true, "qty": 13}, {"price": 4391, "isBuy": true, "qty": 250}, {"price": 4391, "isBuy": true, "qty": 13}, {"price": 4391, "isBuy": true, "qty": 250}, {"price": 4369, "isBuy": true, "qty": 13}], "symbol": "YXN", "venue": "UYHBEX", "ts": "2016-04-14T18:34:14.579618153Z"}, {"ok": true, "asks": [{"price": 4457, "isBuy": false, "qty": 157}, {"price": 4479, "isBuy": false, "qty": 157}, {"price": 4501, "isBuy": false, "qty": 157}, {"price": 4590, "isBuy": false, "qty": 157}], "bids": [{"price": 4413, "isBuy": true, "qty": 13}, {"price": 4391, "isBuy": true, "qty": 250}, {"price": 4391, "isBuy": true, "qty": 13}, {"price": 4391, "isBuy": true, "qty": 250}, {"price": 4369, "isBuy": true, "qty": 13}], "symbol": "YXN", "venue": "UYHBEX", "ts": "2016-04-14T18:34:16.845231915Z"}, {"ok": true, "asks": [{"price": 4457, "isBuy": false, "qty": 157}, {"price": 4479, "isBuy": false, "qty": 157}, {"price": 4501, "isBuy": false, "qty": 157}, {"price": 4590, "isBuy": false, "qty": 157}, {"price": 4590, "isBuy": false, "qty": 157}], "bids": [{"price": 4413, "isBuy": true, "qty": 13}, {"price": 4391, "isBuy": true, "qty": 250}, {"price": 4391, "isBuy": true, "qty": 13}, {"price": 4391, "isBuy": true, "qty": 250}, {"price": 4391, "isBuy": true, "qty": 250}, {"price": 4369, "isBuy": true, "qty": 13}], "symbol": "YXN", "venue": "UYHBEX", "ts": "2016-04-14T18:34:17.775362274Z"}, {"ok": true, "asks": [{"price": 4457, "isBuy": false, "qty": 157}, {"price": 4479, "isBuy": false, "qty": 157}, {"price": 4501, "isBuy": false, "qty": 157}, {"price": 4590, "isBuy": false, "qty": 157}, {"price": 4590, "isBuy": false, "qty": 157}], "bids": [{"price": 4413, "isBuy": true, "qty": 13}, {"price": 4391, "isBuy": true, "qty": 250}, {"price": 4391, "isBuy": true, "qty": 13}, {"price": 4391, "isBuy": true, "qty": 250}, {"price": 4391, "isBuy": true, "qty": 250}, {"price": 4369, "isBuy": true, "qty": 13}], "symbol": "YXN", "venue": "UYHBEX", "ts": "2016-04-14T18:34:17.874386945Z"}, {"ok": true, "asks": [{"price": 4457, "isBuy": false, "qty": 157}, {"price": 4479, "isBuy": false, "qty": 157}, {"price": 4501, "isBuy": false, "qty": 157}, {"price": 4590, "isBuy": false, "qty": 157}, {"price": 4590, "isBuy": false, "qty": 157}], "bids": [{"price": 4413, "isBuy": true, "qty": 13}, {"price": 4391, "isBuy": true, "qty": 250}, {"price": 4391, "isBuy": true, "qty": 13}, {"price": 4391, "isBuy": true, "qty": 250}, {"price": 4391, "isBuy": true, "qty": 250}, {"price": 4369, "isBuy": true, "qty": 13}], "symbol": "YXN", "venue": "UYHBEX", "ts": "2016-04-14T18:34:17.970576552Z"}, {"ok": true, "asks": [{"price": 4457, "isBuy": false, "qty": 157}, {"price": 4479, "isBuy": false, "qty": 157}, {"price": 4501, "isBuy": false, "qty": 157}, {"price": 4590, "isBuy": false, "qty": 157}, {"price": 4590, "isBuy": false, "qty": 157}], "bids": [{"price": 4413, "isBuy": true, "qty": 13}, {"price": 4391, "isBuy": true, "qty": 250}, {"price": 4391, "isBuy": true, "qty": 13}, {"price": 4391, "isBuy": true, "qty": 250}, {"price": 4391, "isBuy": true, "qty": 250}, {"price": 4369, "isBuy": true, "qty": 13}], "symbol": "YXN", "venue": "UYHBEX", "ts": "2016-04-14T18:34:18.066931321Z"}, {"ok": true, "asks": [{"price": 4457, "isBuy": false, "qty": 157}, {"price": 4479, "isBuy": false, "qty": 157}, {"price": 4501, "isBuy": false, "qty": 157}, {"price": 4590, "isBuy": false, "qty": 157}, {"price": 4590, "isBuy": false, "qty": 157}], "bids": [{"price": 4413, "isBuy": true, "qty": 13}, {"price": 4391, "isBuy": true, "qty": 250}, {"price": 4391, "isBuy": true, "qty": 13}, {"price": 4391, "isBuy": true, "qty": 250}, {"price": 4391, "isBuy": true, "qty": 250}, {"price": 4369, "isBuy": true, "qty": 13}], "symbol": "YXN", "venue": "UYHBEX", "ts": "2016-04-14T18:34:18.163953224Z"}, {"ok": true, "asks": [{"price": 4412, "isBuy": false, "qty": 81}, {"price": 4433, "isBuy": false, "qty": 81}, {"price": 4454, "isBuy": false, "qty": 81}], "bids": [{"price": 4391, "isBuy": true, "qty": 151}, {"price": 4391, "isBuy": true, "qty": 250}, {"price": 4391, "isBuy": true, "qty": 250}, {"price": 4310, "isBuy": true, "qty": 384}, {"price": 4289, "isBuy": true, "qty": 384}, {"price": 4268, "isBuy": true, "qty": 384}], "symbol": "YXN", "venue": "UYHBEX", "ts": "2016-04-14T18:34:20.401768919Z"}, {"ok": true, "asks": [{"price": 4412, "isBuy": false, "qty": 81}, {"price": 4433, "isBuy": false, "qty": 81}, {"price": 4454, "isBuy": false, "qty": 81}, {"price": 4543, "isBuy": false, "qty": 81}], "bids": [{"price": 4391, "isBuy": true, "qty": 151}, {"price": 4391, "isBuy": true, "qty": 250}, {"price": 4391, "isBuy": true, "qty": 250}, {"price": 4391, "isBuy": true, "qty": 250}, {"price": 4310, "isBuy": true, "qty": 384}, {"price": 4289, "isBuy": true, "qty": 384}, {"price": 4268, "isBuy": true, "qty": 384}], "symbol": "YXN", "venue": "UYHBEX", "ts": "2016-04-14T18:34:21.091187277Z"}, {"ok": true, "asks": [{"price": 4412, "isBuy": false, "qty": 81}, {"price": 4433, "isBuy": false, "qty": 81}, {"price": 4454, "isBuy": false, "qty": 81}, {"price": 4543, "isBuy": false, "qty": 81}], "bids": [{"price": 4391, "isBuy": true, "qty": 151}, {"price": 4391, "isBuy": true, "qty": 250}, {"price": 4391, "isBuy": true, "qty": 250}, {"price": 4391, "isBuy": true, "qty": 250}, {"price": 4310, "isBuy": true, "qty": 384}, {"price": 4289, "isBuy": true, "qty": 384}, {"price": 4268, "isBuy": true, "qty": 384}], "symbol": "YXN", "venue": "UYHBEX", "ts": "2016-04-14T18:34:21.213910482Z"}, {"ok": true, "asks": [{"price": 4412, "isBuy": false, "qty": 81}, {"price": 4433, "isBuy": false, "qty": 81}, {"price": 4454, "isBuy": false, "qty": 81}, {"price": 4543, "isBuy": false, "qty": 81}], "bids": [{"price": 4391, "isBuy": true, "qty": 151}, {"price": 4391, "isBuy": true, "qty": 250}, {"price": 4391, "isBuy": true, "qty": 250}, {"price": 4391, "isBuy": true, "qty": 250}, {"price": 4310, "isBuy": true, "qty": 384}, {"price": 4289, "isBuy": true, "qty": 384}, {"price": 4268, "isBuy": true, "qty": 384}], "symbol": "YXN", "venue": "UYHBEX", "ts": "2016-04-14T18:34:21.394962249Z"}, {"ok": true, "asks": [{"price": 4412, "isBuy": false, "qty": 81}, {"price": 4433, "isBuy": false, "qty": 81}, {"price": 4454, "isBuy": false, "qty": 81}, {"price": 4543, "isBuy": false, "qty": 81}], "bids": [{"price": 4391, "isBuy": true, "qty": 151}, {"price": 4391, "isBuy": true, "qty": 250}, {"price": 4391, "isBuy": true, "qty": 250}, {"price": 4391, "isBuy": true, "qty": 250}, {"price": 4310, "isBuy": true, "qty": 384}, {"price": 4289, "isBuy": true, "qty": 384}, {"price": 4268, "isBuy": true, "qty": 384}], "symbol": "YXN", "venue": "UYHBEX", "ts": "2016-04-14T18:34:21.493890499Z"}, {"ok": true, "asks": [{"price": 4412, "isBuy": false, "qty": 81}, {"price": 4433, "isBuy": false, "qty": 81}, {"price": 4454, "isBuy": false, "qty": 81}, {"price": 4543, "isBuy": false, "qty": 81}], "bids": [{"price": 4391, "isBuy": true, "qty": 151}, {"price": 4391, "isBuy": true, "qty": 250}, {"price": 4391, "isBuy": true, "qty": 250}, {"price": 4391, "isBuy": true, "qty": 250}, {"price": 4310, "isBuy": true, "qty": 384}, {"price": 4289, "isBuy": true, "qty": 384}, {"price": 4268, "isBuy": true, "qty": 384}], "symbol": "YXN", "venue": "UYHBEX", "ts": "2016-04-14T18:34:21.621223557Z"}, {"ok": true, "asks": [{"price": 4457, "isBuy": false, "qty": 56}, {"price": 4479, "isBuy": false, "qty": 56}, {"price": 4501, "isBuy": false, "qty": 56}], "bids": [{"price": 4391, "isBuy": true, "qty": 151}, {"price": 4391, "isBuy": true, "qty": 250}, {"price": 4391, "isBuy": true, "qty": 250}, {"price": 4391, "isBuy": true, "qty": 250}], "symbol": "YXN", "venue": "UYHBEX", "ts": "2016-04-14T18:34:23.944344824Z"}, {"ok": true, "asks": [{"price": 4457, "isBuy": false, "qty": 56}, {"price": 4479, "isBuy": false, "qty": 56}, {"price": 4501, "isBuy": false, "qty": 56}, {"price": 4590, "isBuy": false, "qty": 56}], "bids": [{"price": 4391, "isBuy": true, "qty": 151}, {"price": 4391, "isBuy": true, "qty": 250}, {"price": 4391, "isBuy": true, "qty": 250}, {"price": 4391, "isBuy": true, "qty": 250}, {"price": 4391, "isBuy": true, "qty": 250}], "symbol": "YXN", "venue": "UYHBEX", "ts": "2016-04-14T18:34:24.725025963Z"}, {"ok": true, "asks": [{"price": 4457, "isBuy": false, "qty": 56}, {"price": 4479, "isBuy": false, "qty": 56}, {"price": 4501, "isBuy": false, "qty": 56}, {"price": 4590, "isBuy": false, "qty": 56}], "bids": [{"price": 4391, "isBuy": true, "qty": 151}, {"price": 4391, "isBuy": true, "qty": 250}, {"price": 4391, "isBuy": true, "qty": 250}, {"price": 4391, "isBuy": true, "qty": 250}, {"price": 4391, "isBuy": true, "qty": 250}], "symbol": "YXN", "venue": "UYHBEX", "ts": "2016-04-14T18:34:24.858554046Z"}, {"ok": true, "asks": [{"price": 4457, "isBuy": false, "qty": 56}, {"price": 4479, "isBuy": false, "qty": 56}, {"price": 4501, "isBuy": false, "qty": 56}, {"price": 4590, "isBuy": false, "qty": 56}], "bids": [{"price": 4391, "isBuy": true, "qty": 151}, {"price": 4391, "isBuy": true, "qty": 250}, {"price": 4391, "isBuy": true, "qty": 250}, {"price": 4391, "isBuy": true, "qty": 250}, {"price": 4391, "isBuy": true, "qty": 250}], "symbol": "YXN", "venue": "UYHBEX", "ts": "2016-04-14T18:34:24.978025809Z"}, {"ok": true, "asks": [{"price": 4457, "isBuy": false, "qty": 56}, {"price": 4479, "isBuy": false, "qty": 56}, {"price": 4501, "isBuy": false, "qty": 56}, {"price": 4590, "isBuy": false, "qty": 56}], "bids": [{"price": 4391, "isBuy": true, "qty": 151}, {"price": 4391, "isBuy": true, "qty": 250}, {"price": 4391, "isBuy": true, "qty": 250}, {"price": 4391, "isBuy": true, "qty": 250}, {"price": 4391, "isBuy": true, "qty": 250}], "symbol": "YXN", "venue": "UYHBEX", "ts": "2016-04-14T18:34:25.107819621Z"}, {"ok": true, "asks": [{"price": 4457, "isBuy": false, "qty": 56}, {"price": 4479, "isBuy": false, "qty": 56}, {"price": 4501, "isBuy": false, "qty": 56}, {"price": 4590, "isBuy": false, "qty": 56}], "bids": [{"price": 4391, "isBuy": true, "qty": 151}, {"price": 4391, "isBuy": true, "qty": 250}, {"price": 4391, "isBuy": true, "qty": 250}, {"price": 4391, "isBuy": true, "qty": 250}, {"price": 4391, "isBuy": true, "qty": 250}], "symbol": "YXN", "venue": "UYHBEX", "ts": "2016-04-14T18:34:25.22394485Z"}, {"ok": true, "asks": [{"price": 4457, "isBuy": false, "qty": 56}, {"price": 4479, "isBuy": false, "qty": 56}, {"price": 4501, "isBuy": false, "qty": 56}, {"price": 4590, "isBuy": false, "qty": 56}], "bids": [{"price": 4391, "isBuy": true, "qty": 151}, {"price": 4391, "isBuy": true, "qty": 250}, {"price": 4391, "isBuy": true, "qty": 250}, {"price": 4391, "isBuy": true, "qty": 250}, {"price": 4391, "isBuy": true, "qty": 250}], "symbol": "YXN", "venue": "UYHBEX", "ts": "2016-04-14T18:34:25.387805137Z"}, {"ok": true, "asks": [{"price": 4457, "isBuy": false, "qty": 56}, {"price": 4479, "isBuy": false, "qty": 56}, {"price": 4501, "isBuy": false, "qty": 56}, {"price": 4590, "isBuy": false, "qty": 56}], "bids": [{"price": 4391, "isBuy": true, "qty": 151}, {"price": 4391, "isBuy": true, "qty": 250}, {"price": 4391, "isBuy": true, "qty": 250}, {"price": 4391, "isBuy": true, "qty": 250}, {"price": 4391, "isBuy": true, "qty": 250}], "symbol": "YXN", "venue": "UYHBEX", "ts": "2016-04-14T18:34:27.638819783Z"}, {"ok": true, "asks": [{"price": 4457, "isBuy": false, "qty": 56}, {"price": 4479, "isBuy": false, "qty": 56}, {"price": 4501, "isBuy": false, "qty": 56}, {"price": 4590, "isBuy": false, "qty": 56}, {"price": 4590, "isBuy": false, "qty": 56}], "bids": [{"price": 4391, "isBuy": true, "qty": 151}, {"price": 4391, "isBuy": true, "qty": 250}, {"price": 4391, "isBuy": true, "qty": 250}, {"price": 4391, "isBuy": true, "qty": 250}, {"price": 4391, "isBuy": true, "qty": 250}, {"price": 4391, "isBuy": true, "qty": 250}], "symbol": "YXN", "venue": "UYHBEX", "ts": "2016-04-14T18:34:28.320503785Z"}, {"ok": true, "asks": [{"price": 4457, "isBuy": false, "qty": 56}, {"price": 4479, "isBuy": false, "qty": 56}, {"price": 4501, "isBuy": false, "qty": 56}, {"price": 4590, "isBuy": false, "qty": 56}, {"price": 4590, "isBuy": false, "qty": 56}], "bids": [{"price": 4391, "isBuy": true, "qty": 151}, {"price": 4391, "isBuy": true, "qty": 250}, {"price": 4391, "isBuy": true, "qty": 250}, {"price": 4391, "isBuy": true, "qty": 250}, {"price": 4391, "isBuy": true, "qty": 250}, {"price": 4391, "isBuy": true, "qty": 250}], "symbol": "YXN", "venue": "UYHBEX", "ts": "2016-04-14T18:34:28.416963733Z"}, {"ok": true, "asks": null, "bids": [{"price": 4606, "isBuy": true, "qty": 84}, {"price": 4391, "isBuy": true, "qty": 8}, {"price": 4391, "isBuy": true, "qty": 250}, {"price": 4391, "isBuy": true, "qty": 250}, {"price": 4391, "isBuy": true, "qty": 250}, {"price": 4391, "isBuy": true, "qty": 250}, {"price": 4391, "isBuy": true, "qty": 250}], "symbol": "YXN", "venue": "UYHBEX", "ts": "2016-04-14T18:34:28.513594203Z"}, {"ok": true, "asks": [{"price": 4679, "isBuy": false, "qty": 40}, {"price": 4702, "isBuy": false, "qty": 40}, {"price": 4725, "isBuy": false, "qty": 40}], "bids": [{"price": 4633, "isBuy": true, "qty": 452}, {"price": 4610, "isBuy": true, "qty": 452}, {"price": 4587, "isBuy": true, "qty": 452}, {"price": 4391, "isBuy": true, "qty": 8}, {"price": 4391, "isBuy": true, "qty": 250}, {"price": 4391, "isBuy": true, "qty": 250}, {"price": 4391, "isBuy": true, "qty": 250}, {"price": 4391, "isBuy": true, "qty": 250}, {"price": 4391, "isBuy": true, "qty": 250}], "symbol": "YXN", "venue": "UYHBEX", "ts": "2016-04-14T18:34:28.64616932Z"}, {"ok": true, "asks": [{"price": 4679, "isBuy": false, "qty": 40}, {"price": 4702, "isBuy": false, "qty": 40}, {"price": 4725, "isBuy": false, "qty": 40}], "bids": [{"price": 4633, "isBuy": true, "qty": 452}, {"price": 4610, "isBuy": true, "qty": 452}, {"price": 4587, "isBuy": true, "qty": 452}, {"price": 4391, "isBuy": true, "qty": 8}, {"price": 4391, "isBuy": true, "qty": 250}, {"price": 4391, "isBuy": true, "qty": 250}, {"price": 4391, "isBuy": true, "qty": 250}, {"price": 4391, "isBuy": true, "qty": 250}, {"price": 4391, "isBuy": true, "qty": 250}], "symbol": "YXN", "venue": "UYHBEX", "ts": "2016-04-14T18:34:28.848705131Z"}, {"ok": true, "asks": [{"price": 4679, "isBuy": false, "qty": 40}, {"price": 4702, "isBuy": false, "qty": 40}, {"price": 4725, "isBuy": false, "qty": 40}], "bids": [{"price": 4633, "isBuy": true, "qty": 452}, {"price": 4610, "isBuy": true, "qty": 452}, {"price": 4587, "isBuy": true, "qty": 452}, {"price": 4391, "isBuy": true, "qty": 8}, {"price": 4391, "isBuy": true, "qty": 250}, {"price": 4391, "isBuy": true, "qty": 250}, {"price": 4391, "isBuy": true, "qty": 250}, {"price": 4391, "isBuy": true, "qty": 250}, {"price": 4391, "isBuy": true, "qty": 250}], "symbol": "YXN", "venue": "UYHBEX", "ts": "2016-04-14T18:34:29.045754121Z"}, {"ok": true, "asks": [{"price": 4679, "isBuy": false, "qty": 40}, {"price": 4702, "isBuy": false, "qty": 40}, {"price": 4725, "isBuy": false, "qty": 40}], "bids": [{"price": 4633, "isBuy": true, "qty": 452}, {"price": 4610, "isBuy": true, "qty": 452}, {"price": 4587, "isBuy": true, "qty": 452}, {"price": 4391, "isBuy": true, "qty": 8}, {"price": 4391, "isBuy": true, "qty": 250}, {"price": 4391, "isBuy": true, "qty": 250}, {"price": 4391, "isBuy": true, "qty": 250}, {"price": 4391, "isBuy": true, "qty": 250}, {"price": 4391, "isBuy": true, "qty": 250}], "symbol": "YXN", "venue": "UYHBEX", "ts": "2016-04-14T18:34:29.191268819Z"}, {"ok": true, "asks": [{"price": 4679, "isBuy": false, "qty": 40}, {"price": 4702, "isBuy": false, "qty": 40}, {"price": 4725, "isBuy": false, "qty": 40}], "bids": [{"price": 4633, "isBuy": true, "qty": 452}, {"price": 4610, "isBuy": true, "qty": 452}, {"price": 4587, "isBuy": true, "qty": 452}, {"price": 4391, "isBuy": true, "qty": 8}, {"price": 4391, "isBuy": true, "qty": 250}, {"price": 4391, "isBuy": true, "qty": 250}, {"price": 4391, "isBuy": true, "qty": 250}, {"price": 4391, "isBuy": true, "qty": 250}, {"price": 4391, "isBuy": true, "qty": 250}], "symbol": "YXN", "venue": "UYHBEX", "ts": "2016-04-14T18:34:29.326131298Z"}, {"ok": true, "asks": [{"price": 4679, "isBuy": false, "qty": 40}, {"price": 4702, "isBuy": false, "qty": 40}, {"price": 4725, "isBuy": false, "qty": 40}], "bids": [{"price": 4633, "isBuy": true, "qty": 452}, {"price": 4610, "isBuy": true, "qty": 452}, {"price": 4587, "isBuy": true, "qty": 452}, {"price": 4391, "isBuy": true, "qty": 8}, {"price": 4391, "isBuy": true, "qty": 250}, {"price": 4391, "isBuy": true, "qty": 250}, {"price": 4391, "isBuy": true, "qty": 250}, {"price": 4391, "isBuy": true, "qty": 250}, {"price": 4391, "isBuy": true, "qty": 250}], "symbol": "YXN", "venue": "UYHBEX", "ts": "2016-04-14T18:34:31.603419854Z"}, {"ok": true, "asks": [{"price": 4679, "isBuy": false, "qty": 40}, {"price": 4702, "isBuy": false, "qty": 40}, {"price": 4725, "isBuy": false, "qty": 40}, {"price": 4819, "isBuy": false, "qty": 40}], "bids": [{"price": 4633, "isBuy": true, "qty": 452}, {"price": 4610, "isBuy": true, "qty": 452}, {"price": 4610, "isBuy": true, "qty": 250}, {"price": 4587, "isBuy": true, "qty": 452}, {"price": 4391, "isBuy": true, "qty": 8}, {"price": 4391, "isBuy": true, "qty": 250}, {"price": 4391, "isBuy": true, "qty": 250}, {"price": 4391, "isBuy": true, "qty": 250}, {"price": 4391, "isBuy": true, "qty": 250}, {"price": 4391, "isBuy": true, "qty": 250}], "symbol": "YXN", "venue": "UYHBEX", "ts": "2016-04-14T18:34:32.244321618Z"}, {"ok": true, "asks": [{"price": 4679, "isBuy": false, "qty": 40}, {"price": 4702, "isBuy": false, "qty": 40}, {"price": 4725, "isBuy": false, "qty": 40}, {"price": 4819, "isBuy": false, "qty": 40}], "bids": [{"price": 4633, "isBuy": true, "qty": 452}, {"price": 4610, "isBuy": true, "qty": 452}, {"price": 4610, "isBuy": true, "qty": 250}, {"price": 4587, "isBuy": true, "qty": 452}, {"price": 4391, "isBuy": true, "qty": 8}, {"price": 4391, "isBuy": true, "qty": 250}, {"price": 4391, "isBuy": true, "qty": 250}, {"price": 4391, "isBuy": true, "qty": 250}, {"price": 4391, "isBuy": true, "qty": 250}, {"price": 4391, "isBuy": true, "qty": 250}], "symbol": "YXN", "venue": "UYHBEX", "ts": "2016-04-14T18:34:32.341858953Z"}, {"ok": true, "asks": [{"price": 4679, "isBuy": false, "qty": 40}, {"price": 4702, "isBuy": false, "qty": 40}, {"price": 4725, "isBuy": false, "qty": 40}, {"price": 4819, "isBuy": false, "qty": 40}], "bids": [{"price": 4633, "isBuy": true, "qty": 452}, {"price": 4610, "isBuy": true, "qty": 452}, {"price": 4610, "isBuy": true, "qty": 250}, {"price": 4587, "isBuy": true, "qty": 452}, {"price": 4391, "isBuy": true, "qty": 8}, {"price": 4391, "isBuy": true, "qty": 250}, {"price": 4391, "isBuy": true, "qty": 250}, {"price": 4391, "isBuy": true, "qty": 250}, {"price": 4391, "isBuy": true, "qty": 250}, {"price": 4391, "isBuy": true, "qty": 250}], "symbol": "YXN", "venue": "UYHBEX", "ts": "2016-04-14T18:34:32.442026528Z"}, {"ok": true, "asks": [{"price": 4679, "isBuy": false, "qty": 40}, {"price": 4702, "isBuy": false, "qty": 40}, {"price": 4725, "isBuy": false, "qty": 40}, {"price": 4819, "isBuy": false, "qty": 40}], "bids": [{"price": 4633, "isBuy": true, "qty": 452}, {"price": 4610, "isBuy": true, "qty": 452}, {"price": 4610, "isBuy": true, "qty": 250}, {"price": 4587, "isBuy": true, "qty": 452}, {"price": 4391, "isBuy": true, "qty": 8}, {"price": 4391, "isBuy": true, "qty": 250}, {"price": 4391, "isBuy": true, "qty": 250}, {"price": 4391, "isBuy": true, "qty": 250}, {"price": 4391, "isBuy": true, "qty": 250}, {"price": 4391, "isBuy": true, "qty": 250}], "symbol": "YXN", "venue": "UYHBEX", "ts": "2016-04-14T18:34:32.556598895Z"}, {"ok": true, "asks": [{"price": 4679, "isBuy": false, "qty": 40}, {"price": 4702, "isBuy": false, "qty": 40}, {"price": 4725, "isBuy": false, "qty": 40}, {"price": 4819, "isBuy": false, "qty": 40}], "bids": [{"price": 4633, "isBuy": true, "qty": 452}, {"price": 4610, "isBuy": true, "qty": 452}, {"price": 4610, "isBuy": true, "qty": 250}, {"price": 4587, "isBuy": true, "qty": 452}, {"price": 4391, "isBuy": true, "qty": 8}, {"price": 4391, "isBuy": true, "qty": 250}, {"price": 4391, "isBuy": true, "qty": 250}, {"price": 4391, "isBuy": true, "qty": 250}, {"price": 4391, "isBuy": true, "qty": 250}, {"price": 4391, "isBuy": true, "qty": 250}], "symbol": "YXN", "venue": "UYHBEX", "ts": "2016-04-14T18:34:32.6754325Z"}, {"ok": true, "asks": [{"price": 4679, "isBuy": false, "qty": 40}, {"price": 4702, "isBuy": false, "qty": 40}, {"price": 4725, "isBuy": false, "qty": 40}, {"price": 4819, "isBuy": false, "qty": 40}], "bids": [{"price": 4633, "isBuy": true, "qty": 452}, {"price": 4610, "isBuy": true, "qty": 452}, {"price": 4610, "isBuy": true, "qty": 250}, {"price": 4587, "isBuy": true, "qty": 452}, {"price": 4391, "isBuy": true, "qty": 8}, {"price": 4391, "isBuy": true, "qty": 250}, {"price": 4391, "isBuy": true, "qty": 250}, {"price": 4391, "isBuy": true, "qty": 250}, {"price": 4391, "isBuy": true, "qty": 250}, {"price": 4391, "isBuy": true, "qty": 250}], "symbol": "YXN", "venue": "UYHBEX", "ts": "2016-04-14T18:34:32.769778481Z"}, {"ok": true, "asks": [{"price": 4679, "isBuy": false, "qty": 40}, {"price": 4702, "isBuy": false, "qty": 40}, {"price": 4725, "isBuy": false, "qty": 40}, {"price": 4819, "isBuy": false, "qty": 40}], "bids": [{"price": 4633, "isBuy": true, "qty": 452}, {"price": 4610, "isBuy": true, "qty": 452}, {"price": 4610, "isBuy": true, "qty": 250}, {"price": 4587, "isBuy": true, "qty": 452}, {"price": 4391, "isBuy": true, "qty": 8}, {"price": 4391, "isBuy": true, "qty": 250}, {"price": 4391, "isBuy": true, "qty": 250}, {"price": 4391, "isBuy": true, "qty": 250}, {"price": 4391, "isBuy": true, "qty": 250}, {"price": 4391, "isBuy": true, "qty": 250}], "symbol": "YXN", "venue": "UYHBEX", "ts": "2016-04-14T18:34:32.8636181Z"}, {"ok": true, "asks": [{"price": 4679, "isBuy": false, "qty": 40}, {"price": 4702, "isBuy": false, "qty": 40}, {"price": 4725, "isBuy": false, "qty": 40}, {"price": 4819, "isBuy": false, "qty": 40}], "bids": [{"price": 4633, "isBuy": true, "qty": 452}, {"price": 4610, "isBuy": true, "qty": 452}, {"price": 4610, "isBuy": true, "qty": 250}, {"price": 4587, "isBuy": true, "qty": 452}, {"price": 4391, "isBuy": true, "qty": 8}, {"price": 4391, "isBuy": true, "qty": 250}, {"price": 4391, "isBuy": true, "qty": 250}, {"price": 4391, "isBuy": true, "qty": 250}, {"price": 4391, "isBuy": true, "qty": 250}, {"price": 4391, "isBuy": true, "qty": 250}], "symbol": "YXN", "venue": "UYHBEX", "ts": "2016-04-14T18:34:32.962712304Z"}, {"ok": true, "asks": [{"price": 4633, "isBuy": false, "qty": 36}, {"price": 4656, "isBuy": false, "qty": 36}, {"price": 4679, "isBuy": false, "qty": 36}, {"price": 4819, "isBuy": false, "qty": 40}], "bids": [{"price": 4610, "isBuy": true, "qty": 250}, {"price": 4391, "isBuy": true, "qty": 8}, {"price": 4391, "isBuy": true, "qty": 250}, {"price": 4391, "isBuy": true, "qty": 250}, {"price": 4391, "isBuy": true, "qty": 250}, {"price": 4391, "isBuy": true, "qty": 250}, {"price": 4391, "isBuy": true, "qty": 250}, {"price": 4294, "isBuy": true, "qty": 464}, {"price": 4273, "isBuy": true, "qty": 464}, {"price": 4252, "isBuy": true, "qty": 464}], "symbol": "YXN", "venue": "UYHBEX", "ts": "2016-04-14T18:34:35.303218741Z"}, {"ok": true, "asks": [{"price": 4633, "isBuy": false, "qty": 36}, {"price": 4656, "isBuy": false, "qty": 36}, {"price": 4679, "isBuy": false, "qty": 36}, {"price": 4772, "isBuy": false, "qty": 36}, {"price": 4819, "isBuy": false, "qty": 40}], "bids": [{"price": 4610, "isBuy": true, "qty": 250}, {"price": 4391, "isBuy": true, "qty": 8}, {"price": 4391, "isBuy": true, "qty": 250}, {"price": 4391, "isBuy": true, "qty": 250}, {"price": 4391, "isBuy": true, "qty": 250}, {"price": 4391, "isBuy": true, "qty": 250}, {"price": 4391, "isBuy": true, "qty": 250}, {"price": 4391, "isBuy": true, "qty": 8}, {"price": 4294, "isBuy": true, "qty": 464}, {"price": 4273, "isBuy": true, "qty": 464}, {"price": 4252, "isBuy": true, "qty": 464}], "symbol": "YXN", "venue": "UYHBEX", "ts": "2016-04-14T18:34:36.024849974Z"}, {"ok": true, "asks": [{"price": 4633, "isBuy": false, "qty": 36}, {"price": 4656, "isBuy": false, "qty": 36}, {"price": 4679, "isBuy": false, "qty": 36}, {"price": 4772, "isBuy": false, "qty": 36}, {"price": 4819, "isBuy": false, "qty": 40}], "bids": [{"price": 4610, "isBuy": true, "qty": 250}, {"price": 4391, "isBuy": true, "qty": 8}, {"price": 4391, "isBuy": true, "qty": 250}, {"price": 4391, "isBuy": true, "qty": 250}, {"price": 4391, "isBuy": true, "qty": 250}, {"price": 4391, "isBuy": true, "qty": 250}, {"price": 4391, "isBuy": true, "qty": 250}, {"price": 4391, "isBuy": true, "qty": 8}, {"price": 4294, "isBuy": true, "qty": 464}, {"price": 4273, "isBuy": true, "qty": 464}, {"price": 4252, "isBuy": true, "qty": 464}], "symbol": "YXN", "venue": "UYHBEX", "ts": "2016-04-14T18:34:36.169259531Z"}, {"ok": true, "asks": [{"price": 4633, "isBuy": false, "qty": 36}, {"price": 4656, "isBuy": false, "qty": 36}, {"price": 4679, "isBuy": false, "qty": 36}, {"price": 4772, "isBuy": false, "qty": 36}, {"price": 4819, "isBuy": false, "qty": 40}], "bids": [{"price": 4610, "isBuy": true, "qty": 250}, {"price": 4391, "isBuy": true, "qty": 8}, {"price": 4391, "isBuy": true, "qty": 250}, {"price": 4391, "isBuy": true, "qty": 250}, {"price": 4391, "isBuy": true, "qty": 250}, {"price": 4391, "isBuy": true, "qty": 250}, {"price": 4391, "isBuy": true, "qty": 250}, {"price": 4391, "isBuy": true, "qty": 8}, {"price": 4294, "isBuy": true, "qty": 464}, {"price": 4273, "isBuy": true, "qty": 464}, {"price": 4252, "isBuy": true, "qty": 464}], "symbol": "YXN", "venue": "UYHBEX", "ts": "2016-04-14T18:34:36.397431158Z"}, {"ok": true, "asks": [{"price": 4633, "isBuy": false, "qty": 36}, {"price": 4656, "isBuy": false, "qty": 36}, {"price": 4679, "isBuy": false, "qty": 36}, {"price": 4772, "isBuy": false, "qty": 36}, {"price": 4819, "isBuy": false, "qty": 40}], "bids": [{"price": 4610, "isBuy": true, "qty": 250}, {"price": 4391, "isBuy": true, "qty": 8}, {"price": 4391, "isBuy": true, "qty": 250}, {"price": 4391, "isBuy": true, "qty": 250}, {"price": 4391, "isBuy": true, "qty": 250}, {"price": 4391, "isBuy": true, "qty": 250}, {"price": 4391, "isBuy": true, "qty": 250}, {"price": 4391, "isBuy": true, "qty": 8}, {"price": 4294, "isBuy": true, "qty": 464}, {"price": 4273, "isBuy": true, "qty": 464}, {"price": 4252, "isBuy": true, "qty": 464}], "symbol": "YXN", "venue": "UYHBEX", "ts": "2016-04-14T18:34:36.505148541Z"}, {"ok": true, "asks": [{"price": 4633, "isBuy": false, "qty": 36}, {"price": 4656, "isBuy": false, "qty": 36}, {"price": 4679, "isBuy": false, "qty": 36}, {"price": 4772, "isBuy": false, "qty": 36}, {"price": 4819, "isBuy": false, "qty": 40}], "bids": [{"price": 4610, "isBuy": true, "qty": 250}, {"price": 4391, "isBuy": true, "qty": 8}, {"price": 4391, "isBuy": true, "qty": 250}, {"price": 4391, "isBuy": true, "qty": 250}, {"price": 4391, "isBuy": true, "qty": 250}, {"price": 4391, "isBuy": true, "qty": 250}, {"price": 4391, "isBuy": true, "qty": 250}, {"price": 4391, "isBuy": true, "qty": 8}, {"price": 4294, "isBuy": true, "qty": 464}, {"price": 4273, "isBuy": true, "qty": 464}, {"price": 4252, "isBuy": true, "qty": 464}], "symbol": "YXN", "venue": "UYHBEX", "ts": "2016-04-14T18:34:36.605514822Z"}, {"ok": true, "asks": [{"price": 4633, "isBuy": false, "qty": 36}, {"price": 4656, "isBuy": false, "qty": 36}, {"price": 4679, "isBuy": false, "qty": 36}, {"price": 4772, "isBuy": false, "qty": 36}, {"price": 4819, "isBuy": false, "qty": 40}], "bids": [{"price": 4610, "isBuy": true, "qty": 250}, {"price": 4391, "isBuy": true, "qty": 8}, {"price": 4391, "isBuy": true, "qty": 250}, {"price": 4391, "isBuy": true, "qty": 250}, {"price": 4391, "isBuy": true, "qty": 250}, {"price": 4391, "isBuy": true, "qty": 250}, {"price": 4391, "isBuy": true, "qty": 250}, {"price": 4391, "isBuy": true, "qty": 8}, {"price": 4294, "isBuy": true, "qty": 464}, {"price": 4273, "isBuy": true, "qty": 464}, {"price": 4252, "isBuy": true, "qty": 464}], "symbol": "YXN", "venue": "UYHBEX", "ts": "2016-04-14T18:34:36.699195032Z"}, {"ok": true, "asks": [{"price": 4633, "isBuy": false, "qty": 36}, {"price": 4656, "isBuy": false, "qty": 36}, {"price": 4679, "isBuy": false, "qty": 36}, {"price": 4772, "isBuy": false, "qty": 36}, {"price": 4819, "isBuy": false, "qty": 40}], "bids": [{"price": 4610, "isBuy": true, "qty": 250}, {"price": 4391, "isBuy": true, "qty": 8}, {"price": 4391, "isBuy": true, "qty": 250}, {"price": 4391, "isBuy": true, "qty": 250}, {"price": 4391, "isBuy": true, "qty": 250}, {"price": 4391, "isBuy": true, "qty": 250}, {"price": 4391, "isBuy": true, "qty": 250}, {"price": 4391, "isBuy": true, "qty": 8}, {"price": 4294, "isBuy": true, "qty": 464}, {"price": 4273, "isBuy": true, "qty": 464}, {"price": 4252, "isBuy": true, "qty": 464}], "symbol": "YXN", "venue": "UYHBEX", "ts": "2016-04-14T18:34:36.793089457Z"}, {"ok": true, "asks": [{"price": 4633, "isBuy": false, "qty": 36}, {"price": 4656, "isBuy": false, "qty": 36}, {"price": 4679, "isBuy": false, "qty": 36}, {"price": 4772, "isBuy": false, "qty": 36}, {"price": 4819, "isBuy": false, "qty": 40}], "bids": [{"price": 4610, "isBuy": true, "qty": 250}, {"price": 4391, "isBuy": true, "qty": 8}, {"price": 4391, "isBuy": true, "qty": 250}, {"price": 4391, "isBuy": true, "qty": 250}, {"price": 4391, "isBuy": true, "qty": 250}, {"price": 4391, "isBuy": true, "qty": 250}, {"price": 4391, "isBuy": true, "qty": 250}, {"price": 4391, "isBuy": true, "qty": 8}, {"price": 4294, "isBuy": true, "qty": 464}, {"price": 4273, "isBuy": true, "qty": 464}, {"price": 4252, "isBuy": true, "qty": 464}], "symbol": "YXN", "venue": "UYHBEX", "ts": "2016-04-14T18:34:36.927885321Z"}, {"ok": true, "asks": [{"price": 4633, "isBuy": false, "qty": 36}, {"price": 4656, "isBuy": false, "qty": 36}, {"price": 4679, "isBuy": false, "qty": 36}, {"price": 4772, "isBuy": false, "qty": 36}, {"price": 4819, "isBuy": false, "qty": 40}], "bids": [{"price": 4610, "isBuy": true, "qty": 250}, {"price": 4391, "isBuy": true, "qty": 8}, {"price": 4391, "isBuy": true, "qty": 250}, {"price": 4391, "isBuy": true, "qty": 250}, {"price": 4391, "isBuy": true, "qty": 250}, {"price": 4391, "isBuy": true, "qty": 250}, {"price": 4391, "isBuy": true, "qty": 250}, {"price": 4391, "isBuy": true, "qty": 8}, {"price": 4294, "isBuy": true, "qty": 464}, {"price": 4273, "isBuy": true, "qty": 464}, {"price": 4252, "isBuy": true, "qty": 464}], "symbol": "YXN", "venue": "UYHBEX", "ts": "2016-04-14T18:34:37.048558973Z"}, {"ok": true, "asks": [{"price": 4633, "isBuy": false, "qty": 36}, {"price": 4656, "isBuy": false, "qty": 36}, {"price": 4679, "isBuy": false, "qty": 36}, {"price": 4772, "isBuy": false, "qty": 36}, {"price": 4819, "isBuy": false, "qty": 40}], "bids": [{"price": 4391, "isBuy": true, "qty": 8}, {"price": 4391, "isBuy": true, "qty": 250}, {"price": 4391, "isBuy": true, "qty": 250}, {"price": 4391, "isBuy": true, "qty": 250}, {"price": 4391, "isBuy": true, "qty": 250}, {"price": 4391, "isBuy": true, "qty": 250}, {"price": 4391, "isBuy": true, "qty": 8}, {"price": 4294, "isBuy": true, "qty": 464}, {"price": 4273, "isBuy": true, "qty": 464}, {"price": 4252, "isBuy": true, "qty": 464}], "symbol": "YXN", "venue": "UYHBEX", "ts": "2016-04-14T18:34:37.313084476Z"}, {"ok": true, "asks": [{"price": 4618, "isBuy": false, "qty": 17}, {"price": 4640, "isBuy": false, "qty": 17}, {"price": 4662, "isBuy": false, "qty": 17}, {"price": 4772, "isBuy": false, "qty": 36}, {"price": 4819, "isBuy": false, "qty": 40}], "bids": [{"price": 4596, "isBuy": true, "qty": 393}, {"price": 4555, "isBuy": true, "qty": 439}, {"price": 4546, "isBuy": true, "qty": 257}, {"price": 4391, "isBuy": true, "qty": 250}, {"price": 4391, "isBuy": true, "qty": 250}, {"price": 4391, "isBuy": true, "qty": 250}, {"price": 4391, "isBuy": true, "qty": 250}, {"price": 4391, "isBuy": true, "qty": 250}, {"price": 4391, "isBuy": true, "qty": 8}, {"price": 4374, "isBuy": true, "qty": 482}, {"price": 4353, "isBuy": true, "qty": 482}, {"price": 4332, "isBuy": true, "qty": 482}], "symbol": "YXN", "venue": "UYHBEX", "ts": "2016-04-14T18:34:39.506246096Z"}, {"ok": true, "asks": [{"price": 4618, "isBuy": false, "qty": 17}, {"price": 4640, "isBuy": false, "qty": 17}, {"price": 4662, "isBuy": false, "qty": 17}, {"price": 4756, "isBuy": false, "qty": 17}, {"price": 4772, "isBuy": false, "qty": 36}, {"price": 4819, "isBuy": false, "qty": 40}], "bids": [{"price": 4596, "isBuy": true, "qty": 393}, {"price": 4555, "isBuy": true, "qty": 439}, {"price": 4555, "isBuy": true, "qty": 250}, {"price": 4546, "isBuy": true, "qty": 257}, {"price": 4391, "isBuy": true, "qty": 250}, {"price": 4391, "isBuy": true, "qty": 250}, {"price": 4391, "isBuy": true, "qty": 250}, {"price": 4391, "isBuy": true, "qty": 250}, {"price": 4391, "isBuy": true, "qty": 250}, {"price": 4391, "isBuy": true, "qty": 8}, {"price": 4374, "isBuy": true, "qty": 482}, {"price": 4353, "isBuy": true, "qty": 482}, {"price": 4332, "isBuy": true, "qty": 482}], "symbol": "YXN", "venue": "UYHBEX", "ts": "2016-04-14T18:34:40.258433244Z"}, {"ok": true, "asks": [{"price": 4618, "isBuy": false, "qty": 17}, {"price": 4640, "isBuy": false, "qty": 17}, {"price": 4662, "isBuy": false, "qty": 17}, {"price": 4756, "isBuy": false, "qty": 17}, {"price": 4772, "isBuy": false, "qty": 36}, {"price": 4819, "isBuy": false, "qty": 40}], "bids": [{"price": 4596, "isBuy": true, "qty": 393}, {"price": 4555, "isBuy": true, "qty": 439}, {"price": 4555, "isBuy": true, "qty": 250}, {"price": 4546, "isBuy": true, "qty": 257}, {"price": 4391, "isBuy": true, "qty": 250}, {"price": 4391, "isBuy": true, "qty": 250}, {"price": 4391, "isBuy": true, "qty": 250}, {"price": 4391, "isBuy": true, "qty": 250}, {"price": 4391, "isBuy": true, "qty": 250}, {"price": 4391, "isBuy": true, "qty": 8}, {"price": 4374, "isBuy": true, "qty": 482}, {"price": 4353, "isBuy": true, "qty": 482}, {"price": 4332, "isBuy": true, "qty": 482}], "symbol": "YXN", "venue": "UYHBEX", "ts": "2016-04-14T18:34:40.380138047Z"}, {"ok": true, "asks": [{"price": 4618, "isBuy": false, "qty": 17}, {"price": 4640, "isBuy": false, "qty": 17}, {"price": 4662, "isBuy": false, "qty": 17}, {"price": 4756, "isBuy": false, "qty": 17}, {"price": 4772, "isBuy": false, "qty": 36}, {"price": 4819, "isBuy": false, "qty": 40}], "bids": [{"price": 4596, "isBuy": true, "qty": 393}, {"price": 4555, "isBuy": true, "qty": 439}, {"price": 4555, "isBuy": true, "qty": 250}, {"price": 4546, "isBuy": true, "qty": 257}, {"price": 4391, "isBuy": true, "qty": 250}, {"price": 4391, "isBuy": true, "qty": 250}, {"price": 4391, "isBuy": true, "qty": 250}, {"price": 4391, "isBuy": true, "qty": 250}, {"price": 4391, "isBuy": true, "qty": 250}, {"price": 4391, "isBuy": true, "qty": 8}, {"price": 4374, "isBuy": true, "qty": 482}, {"price": 4353, "isBuy": true, "qty": 482}, {"price": 4332, "isBuy": true, "qty": 482}], "symbol": "YXN", "venue": "UYHBEX", "ts": "2016-04-14T18:34:40.589438328Z"}, {"ok": true, "asks": [{"price": 4618, "isBuy": false, "qty": 17}, {"price": 4640, "isBuy": false, "qty": 17}, {"price": 4662, "isBuy": false, "qty": 17}, {"price": 4756, "isBuy": false, "qty": 17}, {"price": 4772, "isBuy": false, "qty": 36}, {"price": 4819, "isBuy": false, "qty": 40}], "bids": [{"price": 4596, "isBuy": true, "qty": 393}, {"price": 4555, "isBuy": true, "qty": 439}, {"price": 4555, "isBuy": true, "qty": 250}, {"price": 4546, "isBuy": true, "qty": 257}, {"price": 4391, "isBuy": true, "qty": 250}, {"price": 4391, "isBuy": true, "qty": 250}, {"price": 4391, "isBuy": true, "qty": 250}, {"price": 4391, "isBuy": true, "qty": 250}, {"price": 4391, "isBuy": true, "qty": 250}, {"price": 4391, "isBuy": true, "qty": 8}, {"price": 4374, "isBuy": true, "qty": 482}, {"price": 4353, "isBuy": true, "qty": 482}, {"price": 4332, "isBuy": true, "qty": 482}], "symbol": "YXN", "venue": "UYHBEX", "ts": "2016-04-14T18:34:40.682275104Z"}, {"ok": true, "asks": [{"price": 4618, "isBuy": false, "qty": 17}, {"price": 4640, "isBuy": false, "qty": 17}, {"price": 4662, "isBuy": false, "qty": 17}, {"price": 4756, "isBuy": false, "qty": 17}, {"price": 4772, "isBuy": false, "qty": 36}, {"price": 4819, "isBuy": false, "qty": 40}], "bids": [{"price": 4596, "isBuy": true, "qty": 393}, {"price": 4555, "isBuy": true, "qty": 439}, {"price": 4555, "isBuy": true, "qty": 250}, {"price": 4546, "isBuy": true, "qty": 257}, {"price": 4391, "isBuy": true, "qty": 250}, {"price": 4391, "isBuy": true, "qty": 250}, {"price": 4391, "isBuy": true, "qty": 250}, {"price": 4391, "isBuy": true, "qty": 250}, {"price": 4391, "isBuy": true, "qty": 250}, {"price": 4391, "isBuy": true, "qty": 8}, {"price": 4374, "isBuy": true, "qty": 482}, {"price": 4353, "isBuy": true, "qty": 482}, {"price": 4332, "isBuy": true, "qty": 482}], "symbol": "YXN", "venue": "UYHBEX", "ts": "2016-04-14T18:34:40.774402498Z"}, {"ok": true, "asks": [{"price": 4618, "isBuy": false, "qty": 17}, {"price": 4640, "isBuy": false, "qty": 17}, {"price": 4662, "isBuy": false, "qty": 17}, {"price": 4756, "isBuy": false, "qty": 17}, {"price": 4772, "isBuy": false, "qty": 36}, {"price": 4819, "isBuy": false, "qty": 40}], "bids": [{"price": 4596, "isBuy": true, "qty": 393}, {"price": 4555, "isBuy": true, "qty": 439}, {"price": 4555, "isBuy": true, "qty": 250}, {"price": 4546, "isBuy": true, "qty": 257}, {"price": 4391, "isBuy": true, "qty": 250}, {"price": 4391, "isBuy": true, "qty": 250}, {"price": 4391, "isBuy": true, "qty": 250}, {"price": 4391, "isBuy": true, "qty": 250}, {"price": 4391, "isBuy": true, "qty": 250}, {"price": 4391, "isBuy": true, "qty": 8}, {"price": 4374, "isBuy": true, "qty": 482}, {"price": 4353, "isBuy": true, "qty": 482}, {"price": 4332, "isBuy": true, "qty": 482}], "symbol": "YXN", "venue": "UYHBEX", "ts": "2016-04-14T18:34:40.86661966Z"}, {"ok": true, "asks": [{"price": 4618, "isBuy": false, "qty": 17}, {"price": 4640, "isBuy": false, "qty": 17}, {"price": 4662, "isBuy": false, "qty": 17}, {"price": 4756, "isBuy": false, "qty": 17}, {"price": 4772, "isBuy": false, "qty": 36}, {"price": 4819, "isBuy": false, "qty": 40}], "bids": [{"price": 4596, "isBuy": true, "qty": 393}, {"price": 4555, "isBuy": true, "qty": 439}, {"price": 4555, "isBuy": true, "qty": 250}, {"price": 4546, "isBuy": true, "qty": 257}, {"price": 4391, "isBuy": true, "qty": 250}, {"price": 4391, "isBuy": true, "qty": 250}, {"price": 4391, "isBuy": true, "qty": 250}, {"price": 4391, "isBuy": true, "qty": 250}, {"price": 4391, "isBuy": true, "qty": 250}, {"price": 4391, "isBuy": true, "qty": 8}, {"price": 4374, "isBuy": true, "qty": 482}, {"price": 4353, "isBuy": true, "qty": 482}, {"price": 4332, "isBuy": true, "qty": 482}], "symbol": "YXN", "venue": "UYHBEX", "ts": "2016-04-14T18:34:40.993413315Z"}, {"ok": true, "asks": [{"price": 4618, "isBuy": false, "qty": 17}, {"price": 4640, "isBuy": false, "qty": 17}, {"price": 4662, "isBuy": false, "qty": 17}, {"price": 4756, "isBuy": false, "qty": 17}, {"price": 4772, "isBuy": false, "qty": 36}, {"price": 4819, "isBuy": false, "qty": 40}], "bids": [{"price": 4596, "isBuy": true, "qty": 393}, {"price": 4555, "isBuy": true, "qty": 439}, {"price": 4555, "isBuy": true, "qty": 250}, {"price": 4546, "isBuy": true, "qty": 257}, {"price": 4391, "isBuy": true, "qty": 250}, {"price": 4391, "isBuy": true, "qty": 250}, {"price": 4391, "isBuy": true, "qty": 250}, {"price": 4391, "isBuy": true, "qty": 250}, {"price": 4391, "isBuy": true, "qty": 250}, {"price": 4391, "isBuy": true, "qty": 8}, {"price": 4374, "isBuy": true, "qty": 482}, {"price": 4353, "isBuy": true, "qty": 482}, {"price": 4332, "isBuy": true, "qty": 482}], "symbol": "YXN", "venue": "UYHBEX", "ts": "2016-04-14T18:34:41.088834388Z"}, {"ok": true, "asks": [{"price": 4618, "isBuy": false, "qty": 17}, {"price": 4640, "isBuy": false, "qty": 17}, {"price": 4662, "isBuy": false, "qty": 17}, {"price": 4756, "isBuy": false, "qty": 17}, {"price": 4772, "isBuy": false, "qty": 36}, {"price": 4819, "isBuy": false, "qty": 40}], "bids": [{"price": 4596, "isBuy": true, "qty": 393}, {"price": 4555, "isBuy": true, "qty": 439}, {"price": 4555, "isBuy": true, "qty": 250}, {"price": 4546, "isBuy": true, "qty": 257}, {"price": 4391, "isBuy": true, "qty": 250}, {"price": 4391, "isBuy": true, "qty": 250}, {"price": 4391, "isBuy": true, "qty": 250}, {"price": 4391, "isBuy": true, "qty": 250}, {"price": 4391, "isBuy": true, "qty": 250}, {"price": 4391, "isBuy": true, "qty": 8}, {"price": 4374, "isBuy": true, "qty": 482}, {"price": 4353, "isBuy": true, "qty": 482}, {"price": 4332, "isBuy": true, "qty": 482}], "symbol": "YXN", "venue": "UYHBEX", "ts": "2016-04-14T18:34:41.230829815Z"}, {"ok": true, "asks": [{"price": 4618, "isBuy": false, "qty": 17}, {"price": 4640, "isBuy": false, "qty": 17}, {"price": 4662, "isBuy": false, "qty": 17}, {"price": 4756, "isBuy": false, "qty": 17}, {"price": 4772, "isBuy": false, "qty": 36}, {"price": 4819, "isBuy": false, "qty": 40}], "bids": [{"price": 4596, "isBuy": true, "qty": 393}, {"price": 4555, "isBuy": true, "qty": 439}, {"price": 4555, "isBuy": true, "qty": 250}, {"price": 4546, "isBuy": true, "qty": 257}, {"price": 4391, "isBuy": true, "qty": 250}, {"price": 4391, "isBuy": true, "qty": 250}, {"price": 4391, "isBuy": true, "qty": 250}, {"price": 4391, "isBuy": true, "qty": 250}, {"price": 4391, "isBuy": true, "qty": 250}, {"price": 4391, "isBuy": true, "qty": 8}, {"price": 4374, "isBuy": true, "qty": 482}, {"price": 4353, "isBuy": true, "qty": 482}, {"price": 4332, "isBuy": true, "qty": 482}], "symbol": "YXN", "venue": "UYHBEX", "ts": "2016-04-14T18:34:41.326168471Z"}, {"ok": true, "asks": [{"price": 4691, "isBuy": false, "qty": 12}, {"price": 4714, "isBuy": false, "qty": 12}, {"price": 4737, "isBuy": false, "qty": 12}, {"price": 4756, "isBuy": false, "qty": 17}, {"price": 4772, "isBuy": false, "qty": 36}, {"price": 4819, "isBuy": false, "qty": 40}], "bids": [{"price": 4668, "isBuy": true, "qty": 249}, {"price": 4596, "isBuy": true, "qty": 45}, {"price": 4555, "isBuy": true, "qty": 250}, {"price": 4391, "isBuy": true, "qty": 250}, {"price": 4391, "isBuy": true, "qty": 250}, {"price": 4391, "isBuy": true, "qty": 250}, {"price": 4391, "isBuy": true, "qty": 250}, {"price": 4391, "isBuy": true, "qty": 250}, {"price": 4391, "isBuy": true, "qty": 8}], "symbol": "YXN", "venue": "UYHBEX", "ts": "2016-04-14T18:34:43.519985075Z"}, {"ok": true, "asks": [{"price": 4599, "isBuy": false, "qty": 12}, {"price": 4621, "isBuy": false, "qty": 12}, {"price": 4756, "isBuy": false, "qty": 17}, {"price": 4772, "isBuy": false, "qty": 36}, {"price": 4819, "isBuy": false, "qty": 40}, {"price": 4831, "isBuy": false, "qty": 12}], "bids": [{"price": 4596, "isBuy": true, "qty": 33}, {"price": 4555, "isBuy": true, "qty": 250}, {"price": 4508, "isBuy": true, "qty": 487}, {"price": 4486, "isBuy": true, "qty": 487}, {"price": 4464, "isBuy": true, "qty": 487}, {"price": 4391, "isBuy": true, "qty": 250}, {"price": 4391, "isBuy": true, "qty": 250}, {"price": 4391, "isBuy": true, "qty": 250}, {"price": 4391, "isBuy": true, "qty": 250}, {"price": 4391, "isBuy": true, "qty": 250}, {"price": 4391, "isBuy": true, "qty": 8}], "symbol": "YXN", "venue": "UYHBEX", "ts": "2016-04-14T18:34:45.703226788Z"}, {"ok": true, "asks": [{"price": 4599, "isBuy": false, "qty": 12}, {"price": 4621, "isBuy": false, "qty": 12}, {"price": 4756, "isBuy": false, "qty": 17}, {"price": 4772, "isBuy": false, "qty": 36}, {"price": 4819, "isBuy": false, "qty": 40}, {"price": 4831, "isBuy": false, "qty": 12}], "bids": [{"price": 4596, "isBuy": true, "qty": 33}, {"price": 4555, "isBuy": true, "qty": 250}, {"price": 4508, "isBuy": true, "qty": 487}, {"price": 4486, "isBuy": true, "qty": 487}, {"price": 4464, "isBuy": true, "qty": 487}, {"price": 4391, "isBuy": true, "qty": 250}, {"price": 4391, "isBuy": true, "qty": 250}, {"price": 4391, "isBuy": true, "qty": 250}, {"price": 4391, "isBuy": true, "qty": 250}, {"price": 4391, "isBuy": true, "qty": 250}, {"price": 4391, "isBuy": true, "qty": 8}], "symbol": "YXN", "venue": "UYHBEX", "ts": "2016-04-14T18:34:45.903138597Z"}, {"ok": true, "asks": [{"price": 4599, "isBuy": false, "qty": 12}, {"price": 4621, "isBuy": false, "qty": 12}, {"price": 4756, "isBuy": false, "qty": 17}, {"price": 4772, "isBuy": false, "qty": 36}, {"price": 4819, "isBuy": false, "qty": 40}, {"price": 4831, "isBuy": false, "qty": 12}], "bids": [{"price": 4596, "isBuy": true, "qty": 33}, {"price": 4555, "isBuy": true, "qty": 250}, {"price": 4508, "isBuy": true, "qty": 487}, {"price": 4486, "isBuy": true, "qty": 487}, {"price": 4464, "isBuy": true, "qty": 487}, {"price": 4391, "isBuy": true, "qty": 250}, {"price": 4391, "isBuy": true, "qty": 250}, {"price": 4391, "isBuy": true, "qty": 250}, {"price": 4391, "isBuy": true, "qty": 250}, {"price": 4391, "isBuy": true, "qty": 250}, {"price": 4391, "isBuy": true, "qty": 8}], "symbol": "YXN", "venue": "UYHBEX", "ts": "2016-04-14T18:34:46.002833679Z"}, {"ok": true, "asks": [{"price": 4599, "isBuy": false, "qty": 12}, {"price": 4621, "isBuy": false, "qty": 12}, {"price": 4756, "isBuy": false, "qty": 17}, {"price": 4772, "isBuy": false, "qty": 36}, {"price": 4819, "isBuy": false, "qty": 40}, {"price": 4831, "isBuy": false, "qty": 12}], "bids": [{"price": 4555, "isBuy": true, "qty": 250}, {"price": 4508, "isBuy": true, "qty": 487}, {"price": 4486, "isBuy": true, "qty": 487}, {"price": 4464, "isBuy": true, "qty": 487}, {"price": 4391, "isBuy": true, "qty": 250}, {"price": 4391, "isBuy": true, "qty": 250}, {"price": 4391, "isBuy": true, "qty": 250}, {"price": 4391, "isBuy": true, "qty": 250}, {"price": 4391, "isBuy": true, "qty": 250}, {"price": 4391, "isBuy": true, "qty": 8}], "symbol": "YXN", "venue": "UYHBEX", "ts": "2016-04-14T18:34:46.229332819Z"}, {"ok": true, "asks": [{"price": 4599, "isBuy": false, "qty": 12}, {"price": 4621, "isBuy": false, "qty": 12}, {"price": 4756, "isBuy": false, "qty": 17}, {"price": 4772, "isBuy": false, "qty": 36}, {"price": 4819, "isBuy": false, "qty": 40}, {"price": 4831, "isBuy": false, "qty": 12}], "bids": [{"price": 4555, "isBuy": true, "qty": 250}, {"price": 4508, "isBuy": true, "qty": 487}, {"price": 4486, "isBuy": true, "qty": 487}, {"price": 4464, "isBuy": true, "qty": 487}, {"price": 4391, "isBuy": true, "qty": 250}, {"price": 4391, "isBuy": true, "qty": 250}, {"price": 4391, "isBuy": true, "qty": 250}, {"price": 4391, "isBuy": true, "qty": 250}, {"price": 4391, "isBuy": true, "qty": 250}, {"price": 4391, "isBuy": true, "qty": 8}], "symbol": "YXN", "venue": "UYHBEX", "ts": "2016-04-14T18:34:46.35101428Z"}, {"ok": true, "asks": [{"price": 4599, "isBuy": false, "qty": 12}, {"price": 4621, "isBuy": false, "qty": 12}, {"price": 4756, "isBuy": false, "qty": 17}, {"price": 4772, "isBuy": false, "qty": 36}, {"price": 4819, "isBuy": false, "qty": 40}, {"price": 4831, "isBuy": false, "qty": 12}], "bids": [{"price": 4555, "isBuy": true, "qty": 250}, {"price": 4508, "isBuy": true, "qty": 487}, {"price": 4486, "isBuy": true, "qty": 487}, {"price": 4464, "isBuy": true, "qty": 487}, {"price": 4391, "isBuy": true, "qty": 250}, {"price": 4391, "isBuy": true, "qty": 250}, {"price": 4391, "isBuy": true, "qty": 250}, {"price": 4391, "isBuy": true, "qty": 250}, {"price": 4391, "isBuy": true, "qty": 250}, {"price": 4391, "isBuy": true, "qty": 8}], "symbol": "YXN", "venue": "UYHBEX", "ts": "2016-04-14T18:34:46.445139582Z"}, {"ok": true, "asks": [{"price": 4599, "isBuy": false, "qty": 12}, {"price": 4621, "isBuy": false, "qty": 12}, {"price": 4756, "isBuy": false, "qty": 17}, {"price": 4772, "isBuy": false, "qty": 36}, {"price": 4819, "isBuy": false, "qty": 40}, {"price": 4831, "isBuy": false, "qty": 12}], "bids": [{"price": 4555, "isBuy": true, "qty": 250}, {"price": 4508, "isBuy": true, "qty": 487}, {"price": 4486, "isBuy": true, "qty": 487}, {"price": 4464, "isBuy": true, "qty": 487}, {"price": 4391, "isBuy": true, "qty": 250}, {"price": 4391, "isBuy": true, "qty": 250}, {"price": 4391, "isBuy": true, "qty": 250}, {"price": 4391, "isBuy": true, "qty": 250}, {"price": 4391, "isBuy": true, "qty": 250}, {"price": 4391, "isBuy": true, "qty": 8}], "symbol": "YXN", "venue": "UYHBEX", "ts": "2016-04-14T18:34:46.54069621Z"}, {"ok": true, "asks": [{"price": 4599, "isBuy": false, "qty": 12}, {"price": 4621, "isBuy": false, "qty": 12}, {"price": 4756, "isBuy": false, "qty": 17}, {"price": 4772, "isBuy": false, "qty": 36}, {"price": 4819, "isBuy": false, "qty": 40}, {"price": 4831, "isBuy": false, "qty": 12}], "bids": [{"price": 4555, "isBuy": true, "qty": 250}, {"price": 4508, "isBuy": true, "qty": 487}, {"price": 4486, "isBuy": true, "qty": 487}, {"price": 4464, "isBuy": true, "qty": 487}, {"price": 4391, "isBuy": true, "qty": 250}, {"price": 4391, "isBuy": true, "qty": 250}, {"price": 4391, "isBuy": true, "qty": 250}, {"price": 4391, "isBuy": true, "qty": 250}, {"price": 4391, "isBuy": true, "qty": 250}, {"price": 4391, "isBuy": true, "qty": 8}], "symbol": "YXN", "venue": "UYHBEX", "ts": "2016-04-14T18:34:46.716254037Z"}, {"ok": true, "asks": [{"price": 4599, "isBuy": false, "qty": 12}, {"price": 4621, "isBuy": false, "qty": 12}, {"price": 4756, "isBuy": false, "qty": 17}, {"price": 4772, "isBuy": false, "qty": 36}, {"price": 4819, "isBuy": false, "qty": 40}, {"price": 4831, "isBuy": false, "qty": 12}], "bids": [{"price": 4555, "isBuy": true, "qty": 250}, {"price": 4508, "isBuy": true, "qty": 487}, {"price": 4486, "isBuy": true, "qty": 487}, {"price": 4464, "isBuy": true, "qty": 487}, {"price": 4391, "isBuy": true, "qty": 250}, {"price": 4391, "isBuy": true, "qty": 250}, {"price": 4391, "isBuy": true, "qty": 250}, {"price": 4391, "isBuy": true, "qty": 250}, {"price": 4391, "isBuy": true, "qty": 250}, {"price": 4391, "isBuy": true, "qty": 8}], "symbol": "YXN", "venue": "UYHBEX", "ts": "2016-04-14T18:34:46.851325224Z"}, {"ok": true, "asks": [{"price": 4599, "isBuy": false, "qty": 12}, {"price": 4621, "isBuy": false, "qty": 12}, {"price": 4756, "isBuy": false, "qty": 17}, {"price": 4772, "isBuy": false, "qty": 36}, {"price": 4819, "isBuy": false, "qty": 40}, {"price": 4831, "isBuy": false, "qty": 12}], "bids": [{"price": 4508, "isBuy": true, "qty": 487}, {"price": 4486, "isBuy": true, "qty": 487}, {"price": 4464, "isBuy": true, "qty": 487}, {"price": 4391, "isBuy": true, "qty": 250}, {"price": 4391, "isBuy": true, "qty": 250}, {"price": 4391, "isBuy": true, "qty": 250}, {"price": 4391, "isBuy": true, "qty": 250}, {"price": 4391, "isBuy": true, "qty": 250}, {"price": 4391, "isBuy": true, "qty": 8}], "symbol": "YXN", "venue": "UYHBEX", "ts": "2016-04-14T18:34:47.072606283Z"}, {"ok": true, "asks": [{"price": 4599, "isBuy": false, "qty": 12}, {"price": 4621, "isBuy": false, "qty": 12}, {"price": 4756, "isBuy": false, "qty": 17}, {"price": 4772, "isBuy": false, "qty": 36}, {"price": 4819, "isBuy": false, "qty": 40}, {"price": 4831, "isBuy": false, "qty": 12}], "bids": [{"price": 4508, "isBuy": true, "qty": 487}, {"price": 4486, "isBuy": true, "qty": 487}, {"price": 4464, "isBuy": true, "qty": 487}, {"price": 4391, "isBuy": true, "qty": 250}, {"price": 4391, "isBuy": true, "qty": 250}, {"price": 4391, "isBuy": true, "qty": 250}, {"price": 4391, "isBuy": true, "qty": 250}, {"price": 4391, "isBuy": true, "qty": 250}, {"price": 4391, "isBuy": true, "qty": 8}], "symbol": "YXN", "venue": "UYHBEX", "ts": "2016-04-14T18:34:47.23592366Z"}, {"ok": true, "asks": [{"price": 4599, "isBuy": false, "qty": 12}, {"price": 4621, "isBuy": false, "qty": 12}, {"price": 4756, "isBuy": false, "qty": 17}, {"price": 4772, "isBuy": false, "qty": 36}, {"price": 4819, "isBuy": false, "qty": 40}, {"price": 4831, "isBuy": false, "qty": 12}], "bids": [{"price": 4508, "isBuy": true, "qty": 487}, {"price": 4486, "isBuy": true, "qty": 487}, {"price": 4464, "isBuy": true, "qty": 487}, {"price": 4391, "isBuy": true, "qty": 250}, {"price": 4391, "isBuy": true, "qty": 250}, {"price": 4391, "isBuy": true, "qty": 250}, {"price": 4391, "isBuy": true, "qty": 250}, {"price": 4391, "isBuy": true, "qty": 250}, {"price": 4391, "isBuy": true, "qty": 8}], "symbol": "YXN", "venue": "UYHBEX", "ts": "2016-04-14T18:34:47.327248255Z"}, {"ok": true, "asks": [{"price": 4580, "isBuy": false, "qty": 20}, {"price": 4602, "isBuy": false, "qty": 20}, {"price": 4624, "isBuy": false, "qty": 20}, {"price": 4756, "isBuy": false, "qty": 17}, {"price": 4772, "isBuy": false, "qty": 36}, {"price": 4819, "isBuy": false, "qty": 40}, {"price": 4831, "isBuy": false, "qty": 12}], "bids": [{"price": 4536, "isBuy": true, "qty": 449}, {"price": 4514, "isBuy": true, "qty": 449}, {"price": 4492, "isBuy": true, "qty": 449}, {"price": 4391, "isBuy": true, "qty": 250}, {"price": 4391, "isBuy": true, "qty": 250}, {"price": 4391, "isBuy": true, "qty": 250}, {"price": 4391, "isBuy": true, "qty": 250}, {"price": 4391, "isBuy": true, "qty": 250}, {"price": 4391, "isBuy": true, "qty": 8}], "symbol": "YXN", "venue": "UYHBEX", "ts": "2016-04-14T18:34:49.814961313Z"}, {"ok": true, "asks": [{"price": 4580, "isBuy": false, "qty": 20}, {"price": 4602, "isBuy": false, "qty": 20}, {"price": 4624, "isBuy": false, "qty": 20}, {"price": 4717, "isBuy": false, "qty": 20}, {"price": 4756, "isBuy": false, "qty": 17}, {"price": 4772, "isBuy": false, "qty": 36}, {"price": 4819, "isBuy": false, "qty": 40}, {"price": 4831, "isBuy": false, "qty": 12}], "bids": [{"price": 4536, "isBuy": true, "qty": 449}, {"price": 4514, "isBuy": true, "qty": 449}, {"price": 4514, "isBuy": true, "qty": 250}, {"price": 4492, "isBuy": true, "qty": 449}, {"price": 4391, "isBuy": true, "qty": 250}, {"price": 4391, "isBuy": true, "qty": 250}, {"price": 4391, "isBuy": true, "qty": 250}, {"price": 4391, "isBuy": true, "qty": 250}, {"price": 4391, "isBuy": true, "qty": 250}, {"price": 4391, "isBuy": true, "qty": 8}], "symbol": "YXN", "venue": "UYHBEX", "ts": "2016-04-14T18:34:50.541171969Z"}, {"ok": true, "asks": [{"price": 4580, "isBuy": false, "qty": 20}, {"price": 4602, "isBuy": false, "qty": 20}, {"price": 4624, "isBuy": false, "qty": 20}, {"price": 4717, "isBuy": false, "qty": 20}, {"price": 4756, "isBuy": false, "qty": 17}, {"price": 4772, "isBuy": false, "qty": 36}, {"price": 4819, "isBuy": false, "qty": 40}, {"price": 4831, "isBuy": false, "qty": 12}], "bids": [{"price": 4536, "isBuy": true, "qty": 449}, {"price": 4514, "isBuy": true, "qty": 449}, {"price": 4514, "isBuy": true, "qty": 250}, {"price": 4492, "isBuy": true, "qty": 449}, {"price": 4391, "isBuy": true, "qty": 250}, {"price": 4391, "isBuy": true, "qty": 250}, {"price": 4391, "isBuy": true, "qty": 250}, {"price": 4391, "isBuy": true, "qty": 250}, {"price": 4391, "isBuy": true, "qty": 250}, {"price": 4391, "isBuy": true, "qty": 8}], "symbol": "YXN", "venue": "UYHBEX", "ts": "2016-04-14T18:34:50.6363305Z"}, {"ok": true, "asks": [{"price": 4580, "isBuy": false, "qty": 20}, {"price": 4602, "isBuy": false, "qty": 20}, {"price": 4624, "isBuy": false, "qty": 20}, {"price": 4717, "isBuy": false, "qty": 20}, {"price": 4756, "isBuy": false, "qty": 17}, {"price": 4772, "isBuy": false, "qty": 36}, {"price": 4819, "isBuy": false, "qty": 40}, {"price": 4831, "isBuy": false, "qty": 12}], "bids": [{"price": 4536, "isBuy": true, "qty": 449}, {"price": 4514, "isBuy": true, "qty": 449}, {"price": 4514, "isBuy": true, "qty": 250}, {"price": 4492, "isBuy": true, "qty": 449}, {"price": 4391, "isBuy": true, "qty": 250}, {"price": 4391, "isBuy": true, "qty": 250}, {"price": 4391, "isBuy": true, "qty": 250}, {"price": 4391, "isBuy": true, "qty": 250}, {"price": 4391, "isBuy": true, "qty": 250}, {"price": 4391, "isBuy": true, "qty": 8}], "symbol": "YXN", "venue": "UYHBEX", "ts": "2016-04-14T18:34:50.759704831Z"}, {"ok": true, "asks": [{"price": 4580, "isBuy": false, "qty": 20}, {"price": 4602, "isBuy": false, "qty": 20}, {"price": 4624, "isBuy": false, "qty": 20}, {"price": 4717, "isBuy": false, "qty": 20}, {"price": 4756, "isBuy": false, "qty": 17}, {"price": 4772, "isBuy": false, "qty": 36}, {"price": 4819, "isBuy": false, "qty": 40}, {"price": 4831, "isBuy": false, "qty": 12}], "bids": [{"price": 4536, "isBuy": true, "qty": 449}, {"price": 4514, "isBuy": true, "qty": 449}, {"price": 4514, "isBuy": true, "qty": 250}, {"price": 4492, "isBuy": true, "qty": 449}, {"price": 4391, "isBuy": true, "qty": 250}, {"price": 4391, "isBuy": true, "qty": 250}, {"price": 4391, "isBuy": true, "qty": 250}, {"price": 4391, "isBuy": true, "qty": 250}, {"price": 4391, "isBuy": true, "qty": 250}, {"price": 4391, "isBuy": true, "qty": 8}], "symbol": "YXN", "venue": "UYHBEX", "ts": "2016-04-14T18:34:50.888022066Z"}, {"ok": true, "asks": [{"price": 4580, "isBuy": false, "qty": 20}, {"price": 4602, "isBuy": false, "qty": 20}, {"price": 4624, "isBuy": false, "qty": 20}, {"price": 4717, "isBuy": false, "qty": 20}, {"price": 4756, "isBuy": false, "qty": 17}, {"price": 4772, "isBuy": false, "qty": 36}, {"price": 4819, "isBuy": false, "qty": 40}, {"price": 4831, "isBuy": false, "qty": 12}], "bids": [{"price": 4536, "isBuy": true, "qty": 449}, {"price": 4514, "isBuy": true, "qty": 449}, {"price": 4514, "isBuy": true, "qty": 250}, {"price": 4492, "isBuy": true, "qty": 449}, {"price": 4391, "isBuy": true, "qty": 250}, {"price": 4391, "isBuy": true, "qty": 250}, {"price": 4391, "isBuy": true, "qty": 250}, {"price": 4391, "isBuy": true, "qty": 250}, {"price": 4391, "isBuy": true, "qty": 250}, {"price": 4391, "isBuy": true, "qty": 8}], "symbol": "YXN", "venue": "UYHBEX", "ts": "2016-04-14T18:34:51.017371297Z"}, {"ok": true, "asks": [{"price": 4580, "isBuy": false, "qty": 20}, {"price": 4602, "isBuy": false, "qty": 20}, {"price": 4624, "isBuy": false, "qty": 20}, {"price": 4717, "isBuy": false, "qty": 20}, {"price": 4756, "isBuy": false, "qty": 17}, {"price": 4772, "isBuy": false, "qty": 36}, {"price": 4819, "isBuy": false, "qty": 40}, {"price": 4831, "isBuy": false, "qty": 12}], "bids": [{"price": 4536, "isBuy": true, "qty": 449}, {"price": 4514, "isBuy": true, "qty": 449}, {"price": 4514, "isBuy": true, "qty": 250}, {"price": 4492, "isBuy": true, "qty": 449}, {"price": 4391, "isBuy": true, "qty": 250}, {"price": 4391, "isBuy": true, "qty": 250}, {"price": 4391, "isBuy": true, "qty": 250}, {"price": 4391, "isBuy": true, "qty": 250}, {"price": 4391, "isBuy": true, "qty": 250}, {"price": 4391, "isBuy": true, "qty": 8}], "symbol": "YXN", "venue": "UYHBEX", "ts": "2016-04-14T18:34:51.116469363Z"}, {"ok": true, "asks": [{"price": 4580, "isBuy": false, "qty": 20}, {"price": 4602, "isBuy": false, "qty": 20}, {"price": 4624, "isBuy": false, "qty": 20}, {"price": 4717, "isBuy": false, "qty": 20}, {"price": 4756, "isBuy": false, "qty": 17}, {"price": 4772, "isBuy": false, "qty": 36}, {"price": 4819, "isBuy": false, "qty": 40}, {"price": 4831, "isBuy": false, "qty": 12}], "bids": [{"price": 4536, "isBuy": true, "qty": 449}, {"price": 4514, "isBuy": true, "qty": 449}, {"price": 4514, "isBuy": true, "qty": 250}, {"price": 4492, "isBuy": true, "qty": 449}, {"price": 4391, "isBuy": true, "qty": 250}, {"price": 4391, "isBuy": true, "qty": 250}, {"price": 4391, "isBuy": true, "qty": 250}, {"price": 4391, "isBuy": true, "qty": 250}, {"price": 4391, "isBuy": true, "qty": 250}, {"price": 4391, "isBuy": true, "qty": 8}], "symbol": "YXN", "venue": "UYHBEX", "ts": "2016-04-14T18:34:51.210099008Z"}, {"ok": true, "asks": [{"price": 4580, "isBuy": false, "qty": 20}, {"price": 4602, "isBuy": false, "qty": 20}, {"price": 4624, "isBuy": false, "qty": 20}, {"price": 4717, "isBuy": false, "qty": 20}, {"price": 4756, "isBuy": false, "qty": 17}, {"price": 4772, "isBuy": false, "qty": 36}, {"price": 4819, "isBuy": false, "qty": 40}, {"price": 4831, "isBuy": false, "qty": 12}], "bids": [{"price": 4536, "isBuy": true, "qty": 449}, {"price": 4514, "isBuy": true, "qty": 449}, {"price": 4514, "isBuy": true, "qty": 250}, {"price": 4492, "isBuy": true, "qty": 449}, {"price": 4391, "isBuy": true, "qty": 250}, {"price": 4391, "isBuy": true, "qty": 250}, {"price": 4391, "isBuy": true, "qty": 250}, {"price": 4391, "isBuy": true, "qty": 250}, {"price": 4391, "isBuy": true, "qty": 250}, {"price": 4391, "isBuy": true, "qty": 8}], "symbol": "YXN", "venue": "UYHBEX", "ts": "2016-04-14T18:34:51.305414852Z"}, {"ok": true, "asks": [{"price": 4580, "isBuy": false, "qty": 20}, {"price": 4602, "isBuy": false, "qty": 20}, {"price": 4624, "isBuy": false, "qty": 20}, {"price": 4717, "isBuy": false, "qty": 20}, {"price": 4756, "isBuy": false, "qty": 17}, {"price": 4772, "isBuy": false, "qty": 36}, {"price": 4819, "isBuy": false, "qty": 40}, {"price": 4831, "isBuy": false, "qty": 12}], "bids": [{"price": 4536, "isBuy": true, "qty": 449}, {"price": 4514, "isBuy": true, "qty": 449}, {"price": 4514, "isBuy": true, "qty": 250}, {"price": 4492, "isBuy": true, "qty": 449}, {"price": 4391, "isBuy": true, "qty": 250}, {"price": 4391, "isBuy": true, "qty": 250}, {"price": 4391, "isBuy": true, "qty": 250}, {"price": 4391, "isBuy": true, "qty": 250}, {"price": 4391, "isBuy": true, "qty": 250}, {"price": 4391, "isBuy": true, "qty": 8}], "symbol": "YXN", "venue": "UYHBEX", "ts": "2016-04-14T18:34:51.46309963Z"}, {"ok": true, "asks": [{"price": 4580, "isBuy": false, "qty": 20}, {"price": 4602, "isBuy": false, "qty": 20}, {"price": 4624, "isBuy": false, "qty": 20}, {"price": 4717, "isBuy": false, "qty": 20}, {"price": 4756, "isBuy": false, "qty": 17}, {"price": 4772, "isBuy": false, "qty": 36}, {"price": 4819, "isBuy": false, "qty": 40}, {"price": 4831, "isBuy": false, "qty": 12}], "bids": [{"price": 4536, "isBuy": true, "qty": 449}, {"price": 4514, "isBuy": true, "qty": 449}, {"price": 4514, "isBuy": true, "qty": 250}, {"price": 4492, "isBuy": true, "qty": 449}, {"price": 4391, "isBuy": true, "qty": 250}, {"price": 4391, "isBuy": true, "qty": 250}, {"price": 4391, "isBuy": true, "qty": 250}, {"price": 4391, "isBuy": true, "qty": 250}, {"price": 4391, "isBuy": true, "qty": 250}, {"price": 4391, "isBuy": true, "qty": 8}], "symbol": "YXN", "venue": "UYHBEX", "ts": "2016-04-14T18:34:51.599902053Z"}, {"ok": true, "asks": [{"price": 4580, "isBuy": false, "qty": 20}, {"price": 4602, "isBuy": false, "qty": 20}, {"price": 4624, "isBuy": false, "qty": 20}, {"price": 4717, "isBuy": false, "qty": 20}, {"price": 4756, "isBuy": false, "qty": 17}, {"price": 4772, "isBuy": false, "qty": 36}, {"price": 4819, "isBuy": false, "qty": 40}, {"price": 4831, "isBuy": false, "qty": 12}], "bids": [{"price": 4536, "isBuy": true, "qty": 449}, {"price": 4514, "isBuy": true, "qty": 449}, {"price": 4514, "isBuy": true, "qty": 250}, {"price": 4492, "isBuy": true, "qty": 449}, {"price": 4391, "isBuy": true, "qty": 250}, {"price": 4391, "isBuy": true, "qty": 250}, {"price": 4391, "isBuy": true, "qty": 250}, {"price": 4391, "isBuy": true, "qty": 250}, {"price": 4391, "isBuy": true, "qty": 250}, {"price": 4391, "isBuy": true, "qty": 8}], "symbol": "YXN", "venue": "UYHBEX", "ts": "2016-04-14T18:34:51.6890741Z"}, {"ok": true, "asks": [{"price": 4580, "isBuy": false, "qty": 20}, {"price": 4602, "isBuy": false, "qty": 20}, {"price": 4624, "isBuy": false, "qty": 20}, {"price": 4717, "isBuy": false, "qty": 20}, {"price": 4756, "isBuy": false, "qty": 17}, {"price": 4772, "isBuy": false, "qty": 36}, {"price": 4819, "isBuy": false, "qty": 40}, {"price": 4831, "isBuy": false, "qty": 12}], "bids": [{"price": 4536, "isBuy": true, "qty": 449}, {"price": 4514, "isBuy": true, "qty": 449}, {"price": 4514, "isBuy": true, "qty": 250}, {"price": 4492, "isBuy": true, "qty": 449}, {"price": 4391, "isBuy": true, "qty": 250}, {"price": 4391, "isBuy": true, "qty": 250}, {"price": 4391, "isBuy": true, "qty": 250}, {"price": 4391, "isBuy": true, "qty": 250}, {"price": 4391, "isBuy": true, "qty": 250}, {"price": 4391, "isBuy": true, "qty": 8}], "symbol": "YXN", "venue": "UYHBEX", "ts": "2016-04-14T18:34:51.823094875Z"}, {"ok": true, "asks": [{"price": 4561, "isBuy": false, "qty": 51}, {"price": 4583, "isBuy": false, "qty": 51}, {"price": 4605, "isBuy": false, "qty": 51}, {"price": 4772, "isBuy": false, "qty": 36}, {"price": 4819, "isBuy": false, "qty": 40}, {"price": 4831, "isBuy": false, "qty": 12}], "bids": [{"price": 4517, "isBuy": true, "qty": 448}, {"price": 4514, "isBuy": true, "qty": 250}, {"price": 4495, "isBuy": true, "qty": 448}, {"price": 4473, "isBuy": true, "qty": 448}, {"price": 4391, "isBuy": true, "qty": 250}, {"price": 4391, "isBuy": true, "qty": 250}, {"price": 4391, "isBuy": true, "qty": 250}, {"price": 4391, "isBuy": true, "qty": 250}, {"price": 4391, "isBuy": true, "qty": 250}, {"price": 4391, "isBuy": true, "qty": 8}], "symbol": "YXN", "venue": "UYHBEX", "ts": "2016-04-14T18:34:54.429591658Z"}, {"ok": true, "asks": [{"price": 4561, "isBuy": false, "qty": 51}, {"price": 4583, "isBuy": false, "qty": 51}, {"price": 4605, "isBuy": false, "qty": 51}, {"price": 4697, "isBuy": false, "qty": 51}, {"price": 4772, "isBuy": false, "qty": 36}, {"price": 4819, "isBuy": false, "qty": 40}, {"price": 4831, "isBuy": false, "qty": 12}], "bids": [{"price": 4517, "isBuy": true, "qty": 448}, {"price": 4514, "isBuy": true, "qty": 250}, {"price": 4514, "isBuy": true, "qty": 250}, {"price": 4495, "isBuy": true, "qty": 448}, {"price": 4473, "isBuy": true, "qty": 448}, {"price": 4391, "isBuy": true, "qty": 250}, {"price": 4391, "isBuy": true, "qty": 250}, {"price": 4391, "isBuy": true, "qty": 250}, {"price": 4391, "isBuy": true, "qty": 250}, {"price": 4391, "isBuy": true, "qty": 250}, {"price": 4391, "isBuy": true, "qty": 8}], "symbol": "YXN", "venue": "UYHBEX", "ts": "2016-04-14T18:34:55.117827778Z"}, {"ok": true, "asks": [{"price": 4561, "isBuy": false, "qty": 51}, {"price": 4583, "isBuy": false, "qty": 51}, {"price": 4605, "isBuy": false, "qty": 51}, {"price": 4697, "isBuy": false, "qty": 51}, {"price": 4772, "isBuy": false, "qty": 36}, {"price": 4819, "isBuy": false, "qty": 40}, {"price": 4831, "isBuy": false, "qty": 12}], "bids": [{"price": 4517, "isBuy": true, "qty": 448}, {"price": 4514, "isBuy": true, "qty": 250}, {"price": 4514, "isBuy": true, "qty": 250}, {"price": 4495, "isBuy": true, "qty": 448}, {"price": 4473, "isBuy": true, "qty": 448}, {"price": 4391, "isBuy": true, "qty": 250}, {"price": 4391, "isBuy": true, "qty": 250}, {"price": 4391, "isBuy": true, "qty": 250}, {"price": 4391, "isBuy": true, "qty": 250}, {"price": 4391, "isBuy": true, "qty": 250}, {"price": 4391, "isBuy": true, "qty": 8}], "symbol": "YXN", "venue": "UYHBEX", "ts": "2016-04-14T18:34:55.215782568Z"}, {"ok": true, "asks": [{"price": 4561, "isBuy": false, "qty": 51}, {"price": 4583, "isBuy": false, "qty": 51}, {"price": 4605, "isBuy": false, "qty": 51}, {"price": 4697, "isBuy": false, "qty": 51}, {"price": 4772, "isBuy": false, "qty": 36}, {"price": 4819, "isBuy": false, "qty": 40}, {"price": 4831, "isBuy": false, "qty": 12}], "bids": [{"price": 4517, "isBuy": true, "qty": 448}, {"price": 4514, "isBuy": true, "qty": 250}, {"price": 4514, "isBuy": true, "qty": 250}, {"price": 4495, "isBuy": true, "qty": 448}, {"price": 4473, "isBuy": true, "qty": 448}, {"price": 4391, "isBuy": true, "qty": 250}, {"price": 4391, "isBuy": true, "qty": 250}, {"price": 4391, "isBuy": true, "qty": 250}, {"price": 4391, "isBuy": true, "qty": 250}, {"price": 4391, "isBuy": true, "qty": 250}, {"price": 4391, "isBuy": true, "qty": 8}], "symbol": "YXN", "venue": "UYHBEX", "ts": "2016-04-14T18:34:55.335434967Z"}, {"ok": true, "asks": [{"price": 4561, "isBuy": false, "qty": 51}, {"price": 4583, "isBuy": false, "qty": 51}, {"price": 4605, "isBuy": false, "qty": 51}, {"price": 4697, "isBuy": false, "qty": 51}, {"price": 4772, "isBuy": false, "qty": 36}, {"price": 4819, "isBuy": false, "qty": 40}, {"price": 4831, "isBuy": false, "qty": 12}], "bids": [{"price": 4517, "isBuy": true, "qty": 448}, {"price": 4514, "isBuy": true, "qty": 250}, {"price": 4514, "isBuy": true, "qty": 250}, {"price": 4495, "isBuy": true, "qty": 448}, {"price": 4473, "isBuy": true, "qty": 448}, {"price": 4391, "isBuy": true, "qty": 250}, {"price": 4391, "isBuy": true, "qty": 250}, {"price": 4391, "isBuy": true, "qty": 250}, {"price": 4391, "isBuy": true, "qty": 250}, {"price": 4391, "isBuy": true, "qty": 250}, {"price": 4391, "isBuy": true, "qty": 8}], "symbol": "YXN", "venue": "UYHBEX", "ts": "2016-04-14T18:34:55.444035358Z"}, {"ok": true, "asks": [{"price": 4561, "isBuy": false, "qty": 51}, {"price": 4583, "isBuy": false, "qty": 51}, {"price": 4605, "isBuy": false, "qty": 51}, {"price": 4697, "isBuy": false, "qty": 51}, {"price": 4772, "isBuy": false, "qty": 36}, {"price": 4819, "isBuy": false, "qty": 40}, {"price": 4831, "isBuy": false, "qty": 12}], "bids": [{"price": 4517, "isBuy": true, "qty": 448}, {"price": 4514, "isBuy": true, "qty": 250}, {"price": 4514, "isBuy": true, "qty": 250}, {"price": 4495, "isBuy": true, "qty": 448}, {"price": 4473, "isBuy": true, "qty": 448}, {"price": 4391, "isBuy": true, "qty": 250}, {"price": 4391, "isBuy": true, "qty": 250}, {"price": 4391, "isBuy": true, "qty": 250}, {"price": 4391, "isBuy": true, "qty": 250}, {"price": 4391, "isBuy": true, "qty": 250}, {"price": 4391, "isBuy": true, "qty": 8}], "symbol": "YXN", "venue": "UYHBEX", "ts": "2016-04-14T18:34:55.557870452Z"}, {"ok": true, "asks": [{"price": 4561, "isBuy": false, "qty": 51}, {"price": 4583, "isBuy": false, "qty": 51}, {"price": 4605, "isBuy": false, "qty": 51}, {"price": 4697, "isBuy": false, "qty": 51}, {"price": 4772, "isBuy": false, "qty": 36}, {"price": 4819, "isBuy": false, "qty": 40}, {"price": 4831, "isBuy": false, "qty": 12}], "bids": [{"price": 4517, "isBuy": true, "qty": 448}, {"price": 4514, "isBuy": true, "qty": 250}, {"price": 4514, "isBuy": true, "qty": 250}, {"price": 4495, "isBuy": true, "qty": 448}, {"price": 4473, "isBuy": true, "qty": 448}, {"price": 4391, "isBuy": true, "qty": 250}, {"price": 4391, "isBuy": true, "qty": 250}, {"price": 4391, "isBuy": true, "qty": 250}, {"price": 4391, "isBuy": true, "qty": 250}, {"price": 4391, "isBuy": true, "qty": 250}, {"price": 4391, "isBuy": true, "qty": 8}], "symbol": "YXN", "venue": "UYHBEX", "ts": "2016-04-14T18:34:55.670919551Z"}, {"ok": true, "asks": [{"price": 4561, "isBuy": false, "qty": 51}, {"price": 4583, "isBuy": false, "qty": 51}, {"price": 4605, "isBuy": false, "qty": 51}, {"price": 4697, "isBuy": false, "qty": 51}, {"price": 4772, "isBuy": false, "qty": 36}, {"price": 4819, "isBuy": false, "qty": 40}, {"price": 4831, "isBuy": false, "qty": 12}], "bids": [{"price": 4517, "isBuy": true, "qty": 448}, {"price": 4514, "isBuy": true, "qty": 250}, {"price": 4514, "isBuy": true, "qty": 250}, {"price": 4495, "isBuy": true, "qty": 448}, {"price": 4473, "isBuy": true, "qty": 448}, {"price": 4391, "isBuy": true, "qty": 250}, {"price": 4391, "isBuy": true, "qty": 250}, {"price": 4391, "isBuy": true, "qty": 250}, {"price": 4391, "isBuy": true, "qty": 250}, {"price": 4391, "isBuy": true, "qty": 250}, {"price": 4391, "isBuy": true, "qty": 8}], "symbol": "YXN", "venue": "UYHBEX", "ts": "2016-04-14T18:34:55.768986927Z"}, {"ok": true, "asks": [{"price": 4561, "isBuy": false, "qty": 51}, {"price": 4583, "isBuy": false, "qty": 51}, {"price": 4605, "isBuy": false, "qty": 51}, {"price": 4697, "isBuy": false, "qty": 51}, {"price": 4772, "isBuy": false, "qty": 36}, {"price": 4819, "isBuy": false, "qty": 40}, {"price": 4831, "isBuy": false, "qty": 12}], "bids": [{"price": 4517, "isBuy": true, "qty": 448}, {"price": 4514, "isBuy": true, "qty": 250}, {"price": 4514, "isBuy": true, "qty": 250}, {"price": 4495, "isBuy": true, "qty": 448}, {"price": 4473, "isBuy": true, "qty": 448}, {"price": 4391, "isBuy": true, "qty": 250}, {"price": 4391, "isBuy": true, "qty": 250}, {"price": 4391, "isBuy": true, "qty": 250}, {"price": 4391, "isBuy": true, "qty": 250}, {"price": 4391, "isBuy": true, "qty": 250}, {"price": 4391, "isBuy": true, "qty": 8}], "symbol": "YXN", "venue": "UYHBEX", "ts": "2016-04-14T18:34:55.886499259Z"}, {"ok": true, "asks": [{"price": 4561, "isBuy": false, "qty": 51}, {"price": 4583, "isBuy": false, "qty": 51}, {"price": 4605, "isBuy": false, "qty": 51}, {"price": 4697, "isBuy": false, "qty": 51}, {"price": 4772, "isBuy": false, "qty": 36}, {"price": 4819, "isBuy": false, "qty": 40}, {"price": 4831, "isBuy": false, "qty": 12}], "bids": [{"price": 4517, "isBuy": true, "qty": 448}, {"price": 4514, "isBuy": true, "qty": 250}, {"price": 4514, "isBuy": true, "qty": 250}, {"price": 4495, "isBuy": true, "qty": 448}, {"price": 4473, "isBuy": true, "qty": 448}, {"price": 4391, "isBuy": true, "qty": 250}, {"price": 4391, "isBuy": true, "qty": 250}, {"price": 4391, "isBuy": true, "qty": 250}, {"price": 4391, "isBuy": true, "qty": 250}, {"price": 4391, "isBuy": true, "qty": 250}, {"price": 4391, "isBuy": true, "qty": 8}], "symbol": "YXN", "venue": "UYHBEX", "ts": "2016-04-14T18:34:56.016743054Z"}, {"ok": true, "asks": [{"price": 4561, "isBuy": false, "qty": 51}, {"price": 4583, "isBuy": false, "qty": 51}, {"price": 4605, "isBuy": false, "qty": 51}, {"price": 4697, "isBuy": false, "qty": 51}, {"price": 4772, "isBuy": false, "qty": 36}, {"price": 4819, "isBuy": false, "qty": 40}, {"price": 4831, "isBuy": false, "qty": 12}], "bids": [{"price": 4517, "isBuy": true, "qty": 448}, {"price": 4514, "isBuy": true, "qty": 250}, {"price": 4514, "isBuy": true, "qty": 250}, {"price": 4495, "isBuy": true, "qty": 448}, {"price": 4473, "isBuy": true, "qty": 448}, {"price": 4391, "isBuy": true, "qty": 250}, {"price": 4391, "isBuy": true, "qty": 250}, {"price": 4391, "isBuy": true, "qty": 250}, {"price": 4391, "isBuy": true, "qty": 250}, {"price": 4391, "isBuy": true, "qty": 250}, {"price": 4391, "isBuy": true, "qty": 8}], "symbol": "YXN", "venue": "UYHBEX", "ts": "2016-04-14T18:34:56.133967734Z"}, {"ok": true, "asks": [{"price": 4561, "isBuy": false, "qty": 51}, {"price": 4583, "isBuy": false, "qty": 51}, {"price": 4605, "isBuy": false, "qty": 51}, {"price": 4697, "isBuy": false, "qty": 51}, {"price": 4772, "isBuy": false, "qty": 36}, {"price": 4819, "isBuy": false, "qty": 40}, {"price": 4831, "isBuy": false, "qty": 12}], "bids": [{"price": 4517, "isBuy": true, "qty": 448}, {"price": 4514, "isBuy": true, "qty": 250}, {"price": 4514, "isBuy": true, "qty": 250}, {"price": 4495, "isBuy": true, "qty": 448}, {"price": 4473, "isBuy": true, "qty": 448}, {"price": 4391, "isBuy": true, "qty": 250}, {"price": 4391, "isBuy": true, "qty": 250}, {"price": 4391, "isBuy": true, "qty": 250}, {"price": 4391, "isBuy": true, "qty": 250}, {"price": 4391, "isBuy": true, "qty": 250}, {"price": 4391, "isBuy": true, "qty": 8}], "symbol": "YXN", "venue": "UYHBEX", "ts": "2016-04-14T18:34:56.229047364Z"}, {"ok": true, "asks": [{"price": 4561, "isBuy": false, "qty": 51}, {"price": 4583, "isBuy": false, "qty": 51}, {"price": 4605, "isBuy": false, "qty": 51}, {"price": 4697, "isBuy": false, "qty": 51}, {"price": 4772, "isBuy": false, "qty": 36}, {"price": 4819, "isBuy": false, "qty": 40}, {"price": 4831, "isBuy": false, "qty": 12}], "bids": [{"price": 4517, "isBuy": true, "qty": 448}, {"price": 4514, "isBuy": true, "qty": 250}, {"price": 4514, "isBuy": true, "qty": 250}, {"price": 4495, "isBuy": true, "qty": 448}, {"price": 4473, "isBuy": true, "qty": 448}, {"price": 4391, "isBuy": true, "qty": 250}, {"price": 4391, "isBuy": true, "qty": 250}, {"price": 4391, "isBuy": true, "qty": 250}, {"price": 4391, "isBuy": true, "qty": 250}, {"price": 4391, "isBuy": true, "qty": 250}, {"price": 4391, "isBuy": true, "qty": 8}], "symbol": "YXN", "venue": "UYHBEX", "ts": "2016-04-14T18:34:56.321245118Z"}, {"ok": true, "asks": [{"price": 4730, "isBuy": false, "qty": 36}, {"price": 4753, "isBuy": false, "qty": 36}, {"price": 4772, "isBuy": false, "qty": 36}, {"price": 4776, "isBuy": false, "qty": 36}, {"price": 4819, "isBuy": false, "qty": 40}, {"price": 4831, "isBuy": false, "qty": 12}], "bids": [{"price": 4667, "isBuy": true, "qty": 428}, {"price": 4514, "isBuy": true, "qty": 250}, {"price": 4514, "isBuy": true, "qty": 250}, {"price": 4391, "isBuy": true, "qty": 250}, {"price": 4391, "isBuy": true, "qty": 250}, {"price": 4391, "isBuy": true, "qty": 250}, {"price": 4391, "isBuy": true, "qty": 250}, {"price": 4391, "isBuy": true, "qty": 250}, {"price": 4391, "isBuy": true, "qty": 8}], "symbol": "YXN", "venue": "UYHBEX", "ts": "2016-04-14T18:35:03.987440447Z"}, {"ok": true, "asks": [{"price": 4871, "isBuy": false, "qty": 36}], "bids": [{"price": 4608, "isBuy": true, "qty": 395}, {"price": 4514, "isBuy": true, "qty": 222}, {"price": 4514, "isBuy": true, "qty": 250}, {"price": 4514, "isBuy": true, "qty": 250}, {"price": 4474, "isBuy": true, "qty": 474}, {"price": 4452, "isBuy": true, "qty": 474}, {"price": 4430, "isBuy": true, "qty": 474}, {"price": 4391, "isBuy": true, "qty": 250}, {"price": 4391, "isBuy": true, "qty": 250}, {"price": 4391, "isBuy": true, "qty": 250}, {"price": 4391, "isBuy": true, "qty": 250}, {"price": 4391, "isBuy": true, "qty": 250}, {"price": 4391, "isBuy": true, "qty": 8}], "symbol": "YXN", "venue": "UYHBEX", "ts": "2016-04-14T18:35:04.833788218Z"}, {"ok": true, "asks": [{"price": 4871, "isBuy": false, "qty": 36}], "bids": [{"price": 4608, "isBuy": true, "qty": 395}, {"price": 4514, "isBuy": true, "qty": 222}, {"price": 4514, "isBuy": true, "qty": 250}, {"price": 4514, "isBuy": true, "qty": 250}, {"price": 4474, "isBuy": true, "qty": 474}, {"price": 4452, "isBuy": true, "qty": 474}, {"price": 4430, "isBuy": true, "qty": 474}, {"price": 4391, "isBuy": true, "qty": 250}, {"price": 4391, "isBuy": true, "qty": 250}, {"price": 4391, "isBuy": true, "qty": 250}, {"price": 4391, "isBuy": true, "qty": 250}, {"price": 4391, "isBuy": true, "qty": 250}, {"price": 4391, "isBuy": true, "qty": 8}], "symbol": "YXN", "venue": "UYHBEX", "ts": "2016-04-14T18:35:04.933489822Z"}, {"ok": true, "asks": [{"price": 4871, "isBuy": false, "qty": 36}], "bids": [{"price": 4608, "isBuy": true, "qty": 395}, {"price": 4514, "isBuy": true, "qty": 222}, {"price": 4514, "isBuy": true, "qty": 250}, {"price": 4514, "isBuy": true, "qty": 250}, {"price": 4474, "isBuy": true, "qty": 474}, {"price": 4452, "isBuy": true, "qty": 474}, {"price": 4430, "isBuy": true, "qty": 474}, {"price": 4391, "isBuy": true, "qty": 250}, {"price": 4391, "isBuy": true, "qty": 250}, {"price": 4391, "isBuy": true, "qty": 250}, {"price": 4391, "isBuy": true, "qty": 250}, {"price": 4391, "isBuy": true, "qty": 250}, {"price": 4391, "isBuy": true, "qty": 8}], "symbol": "YXN", "venue": "UYHBEX", "ts": "2016-04-14T18:35:05.033598684Z"}, {"ok": true, "asks": [{"price": 4871, "isBuy": false, "qty": 36}], "bids": [{"price": 4608, "isBuy": true, "qty": 395}, {"price": 4514, "isBuy": true, "qty": 222}, {"price": 4514, "isBuy": true, "qty": 250}, {"price": 4514, "isBuy": true, "qty": 250}, {"price": 4474, "isBuy": true, "qty": 474}, {"price": 4452, "isBuy": true, "qty": 474}, {"price": 4430, "isBuy": true, "qty": 474}, {"price": 4391, "isBuy": true, "qty": 250}, {"price": 4391, "isBuy": true, "qty": 250}, {"price": 4391, "isBuy": true, "qty": 250}, {"price": 4391, "isBuy": true, "qty": 250}, {"price": 4391, "isBuy": true, "qty": 250}, {"price": 4391, "isBuy": true, "qty": 8}], "symbol": "YXN", "venue": "UYHBEX", "ts": "2016-04-14T18:35:05.131325672Z"}, {"ok": true, "asks": [{"price": 4871, "isBuy": false, "qty": 36}], "bids": [{"price": 4608, "isBuy": true, "qty": 395}, {"price": 4514, "isBuy": true, "qty": 222}, {"price": 4514, "isBuy": true, "qty": 250}, {"price": 4514, "isBuy": true, "qty": 250}, {"price": 4474, "isBuy": true, "qty": 474}, {"price": 4452, "isBuy": true, "qty": 474}, {"price": 4430, "isBuy": true, "qty": 474}, {"price": 4391, "isBuy": true, "qty": 250}, {"price": 4391, "isBuy": true, "qty": 250}, {"price": 4391, "isBuy": true, "qty": 250}, {"price": 4391, "isBuy": true, "qty": 250}, {"price": 4391, "isBuy": true, "qty": 250}, {"price": 4391, "isBuy": true, "qty": 8}], "symbol": "YXN", "venue": "UYHBEX", "ts": "2016-04-14T18:35:05.258437566Z"}, {"ok": true, "asks": [{"price": 4871, "isBuy": false, "qty": 36}], "bids": [{"price": 4608, "isBuy": true, "qty": 395}, {"price": 4514, "isBuy": true, "qty": 222}, {"price": 4514, "isBuy": true, "qty": 250}, {"price": 4514, "isBuy": true, "qty": 250}, {"price": 4474, "isBuy": true, "qty": 474}, {"price": 4452, "isBuy": true, "qty": 474}, {"price": 4430, "isBuy": true, "qty": 474}, {"price": 4391, "isBuy": true, "qty": 250}, {"price": 4391, "isBuy": true, "qty": 250}, {"price": 4391, "isBuy": true, "qty": 250}, {"price": 4391, "isBuy": true, "qty": 250}, {"price": 4391, "isBuy": true, "qty": 250}, {"price": 4391, "isBuy": true, "qty": 8}], "symbol": "YXN", "venue": "UYHBEX", "ts": "2016-04-14T18:35:05.427365179Z"}, {"ok": true, "asks": [{"price": 4871, "isBuy": false, "qty": 36}], "bids": [{"price": 4608, "isBuy": true, "qty": 395}, {"price": 4514, "isBuy": true, "qty": 222}, {"price": 4514, "isBuy": true, "qty": 250}, {"price": 4514, "isBuy": true, "qty": 250}, {"price": 4474, "isBuy": true, "qty": 474}, {"price": 4452, "isBuy": true, "qty": 474}, {"price": 4430, "isBuy": true, "qty": 474}, {"price": 4391, "isBuy": true, "qty": 250}, {"price": 4391, "isBuy": true, "qty": 250}, {"price": 4391, "isBuy": true, "qty": 250}, {"price": 4391, "isBuy": true, "qty": 250}, {"price": 4391, "isBuy": true, "qty": 250}, {"price": 4391, "isBuy": true, "qty": 8}], "symbol": "YXN", "venue": "UYHBEX", "ts": "2016-04-14T18:35:05.540947344Z"}, {"ok": true, "asks": [{"price": 4871, "isBuy": false, "qty": 36}], "bids": [{"price": 4608, "isBuy": true, "qty": 395}, {"price": 4514, "isBuy": true, "qty": 222}, {"price": 4514, "isBuy": true, "qty": 250}, {"price": 4514, "isBuy": true, "qty": 250}, {"price": 4474, "isBuy": true, "qty": 474}, {"price": 4452, "isBuy": true, "qty": 474}, {"price": 4430, "isBuy": true, "qty": 474}, {"price": 4391, "isBuy": true, "qty": 250}, {"price": 4391, "isBuy": true, "qty": 250}, {"price": 4391, "isBuy": true, "qty": 250}, {"price": 4391, "isBuy": true, "qty": 250}, {"price": 4391, "isBuy": true, "qty": 250}, {"price": 4391, "isBuy": true, "qty": 8}], "symbol": "YXN", "venue": "UYHBEX", "ts": "2016-04-14T18:35:05.647599Z"}, {"ok": true, "asks": [{"price": 4871, "isBuy": false, "qty": 36}], "bids": [{"price": 4608, "isBuy": true, "qty": 395}, {"price": 4514, "isBuy": true, "qty": 222}, {"price": 4514, "isBuy": true, "qty": 250}, {"price": 4514, "isBuy": true, "qty": 250}, {"price": 4474, "isBuy": true, "qty": 474}, {"price": 4452, "isBuy": true, "qty": 474}, {"price": 4430, "isBuy": true, "qty": 474}, {"price": 4391, "isBuy": true, "qty": 250}, {"price": 4391, "isBuy": true, "qty": 250}, {"price": 4391, "isBuy": true, "qty": 250}, {"price": 4391, "isBuy": true, "qty": 250}, {"price": 4391, "isBuy": true, "qty": 250}, {"price": 4391, "isBuy": true, "qty": 8}], "symbol": "YXN", "venue": "UYHBEX", "ts": "2016-04-14T18:35:05.763073623Z"}, {"ok": true, "asks": [{"price": 4871, "isBuy": false, "qty": 36}], "bids": [{"price": 4608, "isBuy": true, "qty": 395}, {"price": 4514, "isBuy": true, "qty": 222}, {"price": 4514, "isBuy": true, "qty": 250}, {"price": 4514, "isBuy": true, "qty": 250}, {"price": 4474, "isBuy": true, "qty": 474}, {"price": 4452, "isBuy": true, "qty": 474}, {"price": 4430, "isBuy": true, "qty": 474}, {"price": 4391, "isBuy": true, "qty": 250}, {"price": 4391, "isBuy": true, "qty": 250}, {"price": 4391, "isBuy": true, "qty": 250}, {"price": 4391, "isBuy": true, "qty": 250}, {"price": 4391, "isBuy": true, "qty": 250}, {"price": 4391, "isBuy": true, "qty": 8}], "symbol": "YXN", "venue": "UYHBEX", "ts": "2016-04-14T18:35:05.876408969Z"}, {"ok": true, "asks": [{"price": 4871, "isBuy": false, "qty": 36}], "bids": [{"price": 4608, "isBuy": true, "qty": 395}, {"price": 4514, "isBuy": true, "qty": 222}, {"price": 4514, "isBuy": true, "qty": 250}, {"price": 4514, "isBuy": true, "qty": 250}, {"price": 4474, "isBuy": true, "qty": 474}, {"price": 4452, "isBuy": true, "qty": 474}, {"price": 4430, "isBuy": true, "qty": 474}, {"price": 4391, "isBuy": true, "qty": 250}, {"price": 4391, "isBuy": true, "qty": 250}, {"price": 4391, "isBuy": true, "qty": 250}, {"price": 4391, "isBuy": true, "qty": 250}, {"price": 4391, "isBuy": true, "qty": 250}, {"price": 4391, "isBuy": true, "qty": 8}], "symbol": "YXN", "venue": "UYHBEX", "ts": "2016-04-14T18:35:08.076003658Z"}, {"ok": true, "asks": [{"price": 4871, "isBuy": false, "qty": 36}], "bids": [{"price": 4608, "isBuy": true, "qty": 395}, {"price": 4514, "isBuy": true, "qty": 222}, {"price": 4514, "isBuy": true, "qty": 250}, {"price": 4514, "isBuy": true, "qty": 250}, {"price": 4474, "isBuy": true, "qty": 474}, {"price": 4452, "isBuy": true, "qty": 474}, {"price": 4430, "isBuy": true, "qty": 474}, {"price": 4391, "isBuy": true, "qty": 250}, {"price": 4391, "isBuy": true, "qty": 250}, {"price": 4391, "isBuy": true, "qty": 250}, {"price": 4391, "isBuy": true, "qty": 250}, {"price": 4391, "isBuy": true, "qty": 250}, {"price": 4391, "isBuy": true, "qty": 8}], "symbol": "YXN", "venue": "UYHBEX", "ts": "2016-04-14T18:35:08.549737606Z"}, {"ok": true, "asks": [{"price": 4631, "isBuy": false, "qty": 16}, {"price": 4654, "isBuy": false, "qty": 16}, {"price": 4677, "isBuy": false, "qty": 16}, {"price": 4871, "isBuy": false, "qty": 36}], "bids": [{"price": 4608, "isBuy": true, "qty": 319}, {"price": 4514, "isBuy": true, "qty": 222}, {"price": 4514, "isBuy": true, "qty": 250}, {"price": 4514, "isBuy": true, "qty": 250}, {"price": 4488, "isBuy": true, "qty": 483}, {"price": 4466, "isBuy": true, "qty": 483}, {"price": 4444, "isBuy": true, "qty": 483}, {"price": 4391, "isBuy": true, "qty": 250}, {"price": 4391, "isBuy": true, "qty": 250}, {"price": 4391, "isBuy": true, "qty": 250}, {"price": 4391, "isBuy": true, "qty": 250}, {"price": 4391, "isBuy": true, "qty": 250}, {"price": 4391, "isBuy": true, "qty": 8}], "symbol": "YXN", "venue": "UYHBEX", "ts": "2016-04-14T18:35:08.645953555Z"}, {"ok": true, "asks": [{"price": 4536, "isBuy": false, "qty": 11}, {"price": 4558, "isBuy": false, "qty": 11}, {"price": 4580, "isBuy": false, "qty": 11}, {"price": 4703, "isBuy": false, "qty": 20}, {"price": 4871, "isBuy": false, "qty": 36}], "bids": [{"price": 4514, "isBuy": true, "qty": 222}, {"price": 4514, "isBuy": true, "qty": 250}, {"price": 4514, "isBuy": true, "qty": 250}, {"price": 4488, "isBuy": true, "qty": 483}, {"price": 4466, "isBuy": true, "qty": 483}, {"price": 4444, "isBuy": true, "qty": 483}, {"price": 4391, "isBuy": true, "qty": 250}, {"price": 4391, "isBuy": true, "qty": 250}, {"price": 4391, "isBuy": true, "qty": 250}, {"price": 4391, "isBuy": true, "qty": 250}, {"price": 4391, "isBuy": true, "qty": 250}, {"price": 4391, "isBuy": true, "qty": 8}], "symbol": "YXN", "venue": "UYHBEX", "ts": "2016-04-14T18:35:08.787108794Z"}, {"ok": true, "asks": [{"price": 4536, "isBuy": false, "qty": 11}, {"price": 4558, "isBuy": false, "qty": 11}, {"price": 4580, "isBuy": false, "qty": 11}, {"price": 4703, "isBuy": false, "qty": 20}, {"price": 4871, "isBuy": false, "qty": 36}], "bids": [{"price": 4514, "isBuy": true, "qty": 222}, {"price": 4514, "isBuy": true, "qty": 250}, {"price": 4514, "isBuy": true, "qty": 250}, {"price": 4488, "isBuy": true, "qty": 483}, {"price": 4466, "isBuy": true, "qty": 483}, {"price": 4444, "isBuy": true, "qty": 483}, {"price": 4391, "isBuy": true, "qty": 250}, {"price": 4391, "isBuy": true, "qty": 250}, {"price": 4391, "isBuy": true, "qty": 250}, {"price": 4391, "isBuy": true, "qty": 250}, {"price": 4391, "isBuy": true, "qty": 250}, {"price": 4391, "isBuy": true, "qty": 8}], "symbol": "YXN", "venue": "UYHBEX", "ts": "2016-04-14T18:35:08.885750388Z"}, {"ok": true, "asks": [{"price": 4536, "isBuy": false, "qty": 11}, {"price": 4558, "isBuy": false, "qty": 11}, {"price": 4580, "isBuy": false, "qty": 11}, {"price": 4703, "isBuy": false, "qty": 20}, {"price": 4871, "isBuy": false, "qty": 36}], "bids": [{"price": 4514, "isBuy": true, "qty": 222}, {"price": 4514, "isBuy": true, "qty": 250}, {"price": 4514, "isBuy": true, "qty": 250}, {"price": 4488, "isBuy": true, "qty": 483}, {"price": 4466, "isBuy": true, "qty": 483}, {"price": 4444, "isBuy": true, "qty": 483}, {"price": 4391, "isBuy": true, "qty": 250}, {"price": 4391, "isBuy": true, "qty": 250}, {"price": 4391, "isBuy": true, "qty": 250}, {"price": 4391, "isBuy": true, "qty": 250}, {"price": 4391, "isBuy": true, "qty": 250}, {"price": 4391, "isBuy": true, "qty": 8}], "symbol": "YXN", "venue": "UYHBEX", "ts": "2016-04-14T18:35:08.984619353Z"}, {"ok": true, "asks": [{"price": 4536, "isBuy": false, "qty": 11}, {"price": 4558, "isBuy": false, "qty": 11}, {"price": 4580, "isBuy": false, "qty": 11}, {"price": 4703, "isBuy": false, "qty": 20}, {"price": 4871, "isBuy": false, "qty": 36}], "bids": [{"price": 4514, "isBuy": true, "qty": 222}, {"price": 4514, "isBuy": true, "qty": 250}, {"price": 4514, "isBuy": true, "qty": 250}, {"price": 4488, "isBuy": true, "qty": 483}, {"price": 4466, "isBuy": true, "qty": 483}, {"price": 4444, "isBuy": true, "qty": 483}, {"price": 4391, "isBuy": true, "qty": 250}, {"price": 4391, "isBuy": true, "qty": 250}, {"price": 4391, "isBuy": true, "qty": 250}, {"price": 4391, "isBuy": true, "qty": 250}, {"price": 4391, "isBuy": true, "qty": 250}, {"price": 4391, "isBuy": true, "qty": 8}], "symbol": "YXN", "venue": "UYHBEX", "ts": "2016-04-14T18:35:09.085616836Z"}, {"ok": true, "asks": [{"price": 4536, "isBuy": false, "qty": 11}, {"price": 4558, "isBuy": false, "qty": 11}, {"price": 4580, "isBuy": false, "qty": 11}, {"price": 4703, "isBuy": false, "qty": 20}, {"price": 4871, "isBuy": false, "qty": 36}], "bids": [{"price": 4514, "isBuy": true, "qty": 222}, {"price": 4514, "isBuy": true, "qty": 250}, {"price": 4514, "isBuy": true, "qty": 250}, {"price": 4488, "isBuy": true, "qty": 483}, {"price": 4466, "isBuy": true, "qty": 483}, {"price": 4444, "isBuy": true, "qty": 483}, {"price": 4391, "isBuy": true, "qty": 250}, {"price": 4391, "isBuy": true, "qty": 250}, {"price": 4391, "isBuy": true, "qty": 250}, {"price": 4391, "isBuy": true, "qty": 250}, {"price": 4391, "isBuy": true, "qty": 250}, {"price": 4391, "isBuy": true, "qty": 8}], "symbol": "YXN", "venue": "UYHBEX", "ts": "2016-04-14T18:35:09.202265229Z"}, {"ok": true, "asks": [{"price": 4536, "isBuy": false, "qty": 11}, {"price": 4558, "isBuy": false, "qty": 11}, {"price": 4580, "isBuy": false, "qty": 11}, {"price": 4703, "isBuy": false, "qty": 20}, {"price": 4871, "isBuy": false, "qty": 36}], "bids": [{"price": 4514, "isBuy": true, "qty": 222}, {"price": 4514, "isBuy": true, "qty": 250}, {"price": 4514, "isBuy": true, "qty": 250}, {"price": 4488, "isBuy": true, "qty": 483}, {"price": 4466, "isBuy": true, "qty": 483}, {"price": 4444, "isBuy": true, "qty": 483}, {"price": 4391, "isBuy": true, "qty": 250}, {"price": 4391, "isBuy": true, "qty": 250}, {"price": 4391, "isBuy": true, "qty": 250}, {"price": 4391, "isBuy": true, "qty": 250}, {"price": 4391, "isBuy": true, "qty": 250}, {"price": 4391, "isBuy": true, "qty": 8}], "symbol": "YXN", "venue": "UYHBEX", "ts": "2016-04-14T18:35:09.30424573Z"}, {"ok": true, "asks": [{"price": 4536, "isBuy": false, "qty": 11}, {"price": 4558, "isBuy": false, "qty": 11}, {"price": 4580, "isBuy": false, "qty": 11}, {"price": 4703, "isBuy": false, "qty": 20}, {"price": 4871, "isBuy": false, "qty": 36}], "bids": [{"price": 4514, "isBuy": true, "qty": 222}, {"price": 4514, "isBuy": true, "qty": 250}, {"price": 4514, "isBuy": true, "qty": 250}, {"price": 4488, "isBuy": true, "qty": 483}, {"price": 4466, "isBuy": true, "qty": 483}, {"price": 4444, "isBuy": true, "qty": 483}, {"price": 4391, "isBuy": true, "qty": 250}, {"price": 4391, "isBuy": true, "qty": 250}, {"price": 4391, "isBuy": true, "qty": 250}, {"price": 4391, "isBuy": true, "qty": 250}, {"price": 4391, "isBuy": true, "qty": 250}, {"price": 4391, "isBuy": true, "qty": 8}], "symbol": "YXN", "venue": "UYHBEX", "ts": "2016-04-14T18:35:09.41846883Z"}, {"ok": true, "asks": [{"price": 4536, "isBuy": false, "qty": 11}, {"price": 4558, "isBuy": false, "qty": 11}, {"price": 4580, "isBuy": false, "qty": 11}, {"price": 4703, "isBuy": false, "qty": 20}, {"price": 4871, "isBuy": false, "qty": 36}], "bids": [{"price": 4514, "isBuy": true, "qty": 222}, {"price": 4514, "isBuy": true, "qty": 250}, {"price": 4514, "isBuy": true, "qty": 250}, {"price": 4488, "isBuy": true, "qty": 483}, {"price": 4466, "isBuy": true, "qty": 483}, {"price": 4444, "isBuy": true, "qty": 483}, {"price": 4391, "isBuy": true, "qty": 250}, {"price": 4391, "isBuy": true, "qty": 250}, {"price": 4391, "isBuy": true, "qty": 250}, {"price": 4391, "isBuy": true, "qty": 250}, {"price": 4391, "isBuy": true, "qty": 250}, {"price": 4391, "isBuy": true, "qty": 8}], "symbol": "YXN", "venue": "UYHBEX", "ts": "2016-04-14T18:35:09.514884349Z"}, {"ok": true, "asks": [{"price": 4536, "isBuy": false, "qty": 11}, {"price": 4558, "isBuy": false, "qty": 11}, {"price": 4580, "isBuy": false, "qty": 11}, {"price": 4703, "isBuy": false, "qty": 20}, {"price": 4871, "isBuy": false, "qty": 36}], "bids": [{"price": 4514, "isBuy": true, "qty": 222}, {"price": 4514, "isBuy": true, "qty": 250}, {"price": 4514, "isBuy": true, "qty": 250}, {"price": 4488, "isBuy": true, "qty": 483}, {"price": 4466, "isBuy": true, "qty": 483}, {"price": 4444, "isBuy": true, "qty": 483}, {"price": 4391, "isBuy": true, "qty": 250}, {"price": 4391, "isBuy": true, "qty": 250}, {"price": 4391, "isBuy": true, "qty": 250}, {"price": 4391, "isBuy": true, "qty": 250}, {"price": 4391, "isBuy": true, "qty": 250}, {"price": 4391, "isBuy": true, "qty": 8}], "symbol": "YXN", "venue": "UYHBEX", "ts": "2016-04-14T18:35:11.715922739Z"}, {"ok": true, "asks": [{"price": 4536, "isBuy": false, "qty": 11}, {"price": 4558, "isBuy": false, "qty": 11}, {"price": 4580, "isBuy": false, "qty": 11}, {"price": 4671, "isBuy": false, "qty": 11}, {"price": 4703, "isBuy": false, "qty": 20}, {"price": 4871, "isBuy": false, "qty": 36}], "bids": [{"price": 4514, "isBuy": true, "qty": 222}, {"price": 4514, "isBuy": true, "qty": 250}, {"price": 4514, "isBuy": true, "qty": 250}, {"price": 4514, "isBuy": true, "qty": 250}, {"price": 4488, "isBuy": true, "qty": 483}, {"price": 4466, "isBuy": true, "qty": 483}, {"price": 4444, "isBuy": true, "qty": 483}, {"price": 4391, "isBuy": true, "qty": 250}, {"price": 4391, "isBuy": true, "qty": 250}, {"price": 4391, "isBuy": true, "qty": 250}, {"price": 4391, "isBuy": true, "qty": 250}, {"price": 4391, "isBuy": true, "qty": 250}, {"price": 4391, "isBuy": true, "qty": 8}], "symbol": "YXN", "venue": "UYHBEX", "ts": "2016-04-14T18:35:12.296665095Z"}, {"ok": true, "asks": [{"price": 4536, "isBuy": false, "qty": 11}, {"price": 4558, "isBuy": false, "qty": 11}, {"price": 4580, "isBuy": false, "qty": 11}, {"price": 4671, "isBuy": false, "qty": 11}, {"price": 4703, "isBuy": false, "qty": 20}, {"price": 4871, "isBuy": false, "qty": 36}], "bids": [{"price": 4514, "isBuy": true, "qty": 222}, {"price": 4514, "isBuy": true, "qty": 250}, {"price": 4514, "isBuy": true, "qty": 250}, {"price": 4514, "isBuy": true, "qty": 250}, {"price": 4488, "isBuy": true, "qty": 483}, {"price": 4466, "isBuy": true, "qty": 483}, {"price": 4444, "isBuy": true, "qty": 483}, {"price": 4391, "isBuy": true, "qty": 250}, {"price": 4391, "isBuy": true, "qty": 250}, {"price": 4391, "isBuy": true, "qty": 250}, {"price": 4391, "isBuy": true, "qty": 250}, {"price": 4391, "isBuy": true, "qty": 250}, {"price": 4391, "isBuy": true, "qty": 8}], "symbol": "YXN", "venue": "UYHBEX", "ts": "2016-04-14T18:35:12.390655032Z"}, {"ok": true, "asks": [{"price": 4536, "isBuy": false, "qty": 11}, {"price": 4558, "isBuy": false, "qty": 11}, {"price": 4580, "isBuy": false, "qty": 11}, {"price": 4671, "isBuy": false, "qty": 11}, {"price": 4703, "isBuy": false, "qty": 20}, {"price": 4871, "isBuy": false, "qty": 36}], "bids": [{"price": 4514, "isBuy": true, "qty": 222}, {"price": 4514, "isBuy": true, "qty": 250}, {"price": 4514, "isBuy": true, "qty": 250}, {"price": 4514, "isBuy": true, "qty": 250}, {"price": 4488, "isBuy": true, "qty": 483}, {"price": 4466, "isBuy": true, "qty": 483}, {"price": 4444, "isBuy": true, "qty": 483}, {"price": 4391, "isBuy": true, "qty": 250}, {"price": 4391, "isBuy": true, "qty": 250}, {"price": 4391, "isBuy": true, "qty": 250}, {"price": 4391, "isBuy": true, "qty": 250}, {"price": 4391, "isBuy": true, "qty": 250}, {"price": 4391, "isBuy": true, "qty": 8}], "symbol": "YXN", "venue": "UYHBEX", "ts": "2016-04-14T18:35:12.491147589Z"}, {"ok": true, "asks": [{"price": 4536, "isBuy": false, "qty": 11}, {"price": 4558, "isBuy": false, "qty": 11}, {"price": 4580, "isBuy": false, "qty": 11}, {"price": 4671, "isBuy": false, "qty": 11}, {"price": 4703, "isBuy": false, "qty": 20}, {"price": 4871, "isBuy": false, "qty": 36}], "bids": [{"price": 4514, "isBuy": true, "qty": 222}