[{"ok": true, "asks": [{"price": 4284, "isBuy": false, "qty": 4716}], "bids": [{"price": 4221, "isBuy": true, "qty": 182}, {"price": 4200, "isBuy": true, "qty": 5182}, {"price": 4179, "isBuy": true, "qty": 5182}], "symbol": "RUZO", "venue": "YDTMEX", "ts": "2016-04-27T23:29:00.255600369Z"}, {"ok": true, "asks": [{"price": 4284, "isBuy": false, "qty": 4217}], "bids": [{"price": 4221, "isBuy": true, "qty": 182}, {"price": 4200, "isBuy": true, "qty": 5182}, {"price": 4179, "isBuy": true, "qty": 5182}], "symbol": "RUZO", "venue": "YDTMEX", "ts": "2016-04-27T23:29:03.670057914Z"}, {"ok": true, "asks": [{"price": 4308, "isBuy": false, "qty": 4481}, {"price": 4329, "isBuy": false, "qty": 4481}, {"price": 4350, "isBuy": false, "qty": 4481}], "bids": [{"price": 4284, "isBuy": true, "qty": 250}], "symbol": "RUZO", "venue": "YDTMEX", "ts": "2016-04-27T23:29:06.933662809Z"}, {"ok": true, "asks": [{"price": 4242, "isBuy": false, "qty": 874}], "bids": [{"price": 4159, "isBuy": true, "qty": 5518}, {"price": 4139, "isBuy": true, "qty": 5518}, {"price": 4119, "isBuy": true, "qty": 5518}], "symbol": "RUZO", "venue": "YDTMEX", "ts": "2016-04-27T23:29:10.461145566Z"}, {"ok": true, "asks": null, "bids": [{"price": 4378, "isBuy": true, "qty": 68}, {"price": 4159, "isBuy": true, "qty": 5207}, {"price": 4139, "isBuy": true, "qty": 5518}, {"price": 4119, "isBuy": true, "qty": 5518}], "symbol": "RUZO", "venue": "YDTMEX", "ts": "2016-04-27T23:29:15.749585729Z"}, {"ok": true, "asks": null, "bids": [{"price": 4221, "isBuy": true, "qty": 330}, {"price": 4137, "isBuy": true, "qty": 5661}, {"price": 4117, "isBuy": true, "qty": 5661}, {"price": 4097, "isBuy": true, "qty": 5661}], "symbol": "RUZO", "venue": "YDTMEX", "ts": "2016-04-27T23:29:16.270082754Z"}, {"ok": true, "asks": [{"price": 4366, "isBuy": false, "qty": 4254}, {"price": 4387, "isBuy": false, "qty": 4254}, {"price": 4408, "isBuy": false, "qty": 4254}], "bids": [{"price": 4324, "isBuy": true, "qty": 5661}, {"price": 4303, "isBuy": true, "qty": 5661}, {"price": 4282, "isBuy": true, "qty": 5661}, {"price": 4221, "isBuy": true, "qty": 330}, {"price": 4219, "isBuy": true, "qty": 397}], "symbol": "RUZO", "venue": "YDTMEX", "ts": "2016-04-27T23:29:19.09448424Z"}, {"ok": true, "asks": [{"price": 4366, "isBuy": false, "qty": 4254}, {"price": 4387, "isBuy": false, "qty": 4254}, {"price": 4408, "isBuy": false, "qty": 4254}], "bids": [{"price": 4324, "isBuy": true, "qty": 5661}, {"price": 4303, "isBuy": true, "qty": 5661}, {"price": 4282, "isBuy": true, "qty": 5661}, {"price": 4221, "isBuy": true, "qty": 330}, {"price": 4219, "isBuy": true, "qty": 397}], "symbol": "RUZO", "venue": "YDTMEX", "ts": "2016-04-27T23:29:19.471651327Z"}, {"ok": true, "asks": [{"price": 4366, "isBuy": false, "qty": 4254}, {"price": 4387, "isBuy": false, "qty": 4254}, {"price": 4408, "isBuy": false, "qty": 4254}], "bids": [{"price": 4324, "isBuy": true, "qty": 5224}, {"price": 4303, "isBuy": true, "qty": 5661}, {"price": 4282, "isBuy": true, "qty": 5661}, {"price": 4221, "isBuy": true, "qty": 330}, {"price": 4219, "isBuy": true, "qty": 397}], "symbol": "RUZO", "venue": "YDTMEX", "ts": "2016-04-27T23:29:22.329954907Z"}, {"ok": true, "asks": [{"price": 4366, "isBuy": false, "qty": 4254}, {"price": 4387, "isBuy": false, "qty": 4254}, {"price": 4408, "isBuy": false, "qty": 4254}], "bids": [{"price": 4324, "isBuy": true, "qty": 5224}, {"price": 4303, "isBuy": true, "qty": 5661}, {"price": 4282, "isBuy": true, "qty": 5661}, {"price": 4221, "isBuy": true, "qty": 330}, {"price": 4219, "isBuy": true, "qty": 397}], "symbol": "RUZO", "venue": "YDTMEX", "ts": "2016-04-27T23:29:22.450586959Z"}, {"ok": true, "asks": [{"price": 4366, "isBuy": false, "qty": 4254}, {"price": 4387, "isBuy": false, "qty": 4254}, {"price": 4408, "isBuy": false, "qty": 4254}], "bids": [{"price": 4324, "isBuy": true, "qty": 5224}, {"price": 4303, "isBuy": true, "qty": 5661}, {"price": 4282, "isBuy": true, "qty": 5661}, {"price": 4221, "isBuy": true, "qty": 330}, {"price": 4219, "isBuy": true, "qty": 397}], "symbol": "RUZO", "venue": "YDTMEX", "ts": "2016-04-27T23:29:22.779584647Z"}, {"ok": true, "asks": null, "bids": [{"price": 4389, "isBuy": true, "qty": 417}, {"price": 4221, "isBuy": true, "qty": 330}, {"price": 4219, "isBuy": true, "qty": 397}, {"price": 4179, "isBuy": true, "qty": 5764}, {"price": 4158, "isBuy": true, "qty": 5764}, {"price": 4137, "isBuy": true, "qty": 5764}], "symbol": "RUZO", "venue": "YDTMEX", "ts": "2016-04-27T23:29:25.983105157Z"}, {"ok": true, "asks": null, "bids": [{"price": 4389, "isBuy": true, "qty": 417}, {"price": 4221, "isBuy": true, "qty": 330}, {"price": 4219, "isBuy": true, "qty": 397}, {"price": 4179, "isBuy": true, "qty": 5764}, {"price": 4158, "isBuy": true, "qty": 5764}, {"price": 4137, "isBuy": true, "qty": 5764}], "symbol": "RUZO", "venue": "YDTMEX", "ts": "2016-04-27T23:29:26.077168152Z"}, {"ok": true, "asks": null, "bids": [{"price": 4389, "isBuy": true, "qty": 417}, {"price": 4221, "isBuy": true, "qty": 330}, {"price": 4219, "isBuy": true, "qty": 397}, {"price": 4179, "isBuy": true, "qty": 5764}, {"price": 4158, "isBuy": true, "qty": 5764}, {"price": 4137, "isBuy": true, "qty": 5764}], "symbol": "RUZO", "venue": "YDTMEX", "ts": "2016-04-27T23:29:26.149197091Z"}, {"ok": true, "asks": [{"price": 4250, "isBuy": false, "qty": 4118}, {"price": 4271, "isBuy": false, "qty": 4118}, {"price": 4292, "isBuy": false, "qty": 4118}], "bids": [{"price": 4219, "isBuy": true, "qty": 26}, {"price": 4208, "isBuy": true, "qty": 5791}, {"price": 4187, "isBuy": true, "qty": 5791}, {"price": 4166, "isBuy": true, "qty": 5791}], "symbol": "RUZO", "venue": "YDTMEX", "ts": "2016-04-27T23:29:29.034520434Z"}, {"ok": true, "asks": [{"price": 4250, "isBuy": false, "qty": 4118}, {"price": 4271, "isBuy": false, "qty": 4118}, {"price": 4292, "isBuy": false, "qty": 4118}], "bids": [{"price": 4219, "isBuy": true, "qty": 26}, {"price": 4208, "isBuy": true, "qty": 5791}, {"price": 4187, "isBuy": true, "qty": 5791}, {"price": 4166, "isBuy": true, "qty": 5791}], "symbol": "RUZO", "venue": "YDTMEX", "ts": "2016-04-27T23:29:29.311337437Z"}, {"ok": true, "asks": [{"price": 4250, "isBuy": false, "qty": 4118}, {"price": 4271, "isBuy": false, "qty": 4118}, {"price": 4292, "isBuy": false, "qty": 4118}], "bids": [{"price": 4219, "isBuy": true, "qty": 26}, {"price": 4208, "isBuy": true, "qty": 5791}, {"price": 4187, "isBuy": true, "qty": 5791}, {"price": 4166, "isBuy": true, "qty": 5791}], "symbol": "RUZO", "venue": "YDTMEX", "ts": "2016-04-27T23:29:32.232280079Z"}, {"ok": true, "asks": [{"price": 4250, "isBuy": false, "qty": 4118}, {"price": 4271, "isBuy": false, "qty": 4118}, {"price": 4292, "isBuy": false, "qty": 4118}], "bids": [{"price": 4219, "isBuy": true, "qty": 26}, {"price": 4208, "isBuy": true, "qty": 5791}, {"price": 4187, "isBuy": true, "qty": 5791}, {"price": 4166, "isBuy": true, "qty": 5791}], "symbol": "RUZO", "venue": "YDTMEX", "ts": "2016-04-27T23:29:32.503809631Z"}, {"ok": true, "asks": [{"price": 4277, "isBuy": false, "qty": 3922}, {"price": 4298, "isBuy": false, "qty": 3922}, {"price": 4319, "isBuy": false, "qty": 3922}], "bids": [{"price": 4219, "isBuy": true, "qty": 26}], "symbol": "RUZO", "venue": "YDTMEX", "ts": "2016-04-27T23:29:35.398823528Z"}, {"ok": true, "asks": [{"price": 4277, "isBuy": false, "qty": 3922}, {"price": 4298, "isBuy": false, "qty": 3922}, {"price": 4319, "isBuy": false, "qty": 3922}], "bids": [{"price": 4219, "isBuy": true, "qty": 26}], "symbol": "RUZO", "venue": "YDTMEX", "ts": "2016-04-27T23:29:35.733695463Z"}, {"ok": true, "asks": [{"price": 4148, "isBuy": false, "qty": 3794}, {"price": 4168, "isBuy": false, "qty": 3794}, {"price": 4188, "isBuy": false, "qty": 3794}], "bids": [{"price": 4108, "isBuy": true, "qty": 6187}, {"price": 4088, "isBuy": true, "qty": 6187}, {"price": 4068, "isBuy": true, "qty": 6187}], "symbol": "RUZO", "venue": "YDTMEX", "ts": "2016-04-27T23:29:39.241608256Z"}, {"ok": true, "asks": [{"price": 4148, "isBuy": false, "qty": 3184}, {"price": 4168, "isBuy": false, "qty": 3794}, {"price": 4188, "isBuy": false, "qty": 3794}], "bids": [{"price": 4108, "isBuy": true, "qty": 6187}, {"price": 4088, "isBuy": true, "qty": 6187}, {"price": 4068, "isBuy": true, "qty": 6187}], "symbol": "RUZO", "venue": "YDTMEX", "ts": "2016-04-27T23:29:42.126990606Z"}, {"ok": true, "asks": [{"price": 4404, "isBuy": false, "qty": 3493}, {"price": 4425, "isBuy": false, "qty": 3493}, {"price": 4446, "isBuy": false, "qty": 3493}], "bids": [{"price": 4169, "isBuy": true, "qty": 305}], "symbol": "RUZO", "venue": "YDTMEX", "ts": "2016-04-27T23:29:45.31921538Z"}, {"ok": true, "asks": [{"price": 4404, "isBuy": false, "qty": 3493}, {"price": 4425, "isBuy": false, "qty": 3493}, {"price": 4446, "isBuy": false, "qty": 3493}], "bids": null, "symbol": "RUZO", "venue": "YDTMEX", "ts": "2016-04-27T23:29:45.456829781Z"}, {"ok": true, "asks": [{"price": 4336, "isBuy": false, "qty": 694}, {"price": 4404, "isBuy": false, "qty": 3493}, {"price": 4425, "isBuy": false, "qty": 3493}, {"price": 4446, "isBuy": false, "qty": 3493}], "bids": null, "symbol": "RUZO", "venue": "YDTMEX", "ts": "2016-04-27T23:29:48.643606845Z"}, {"ok": true, "asks": [{"price": 4336, "isBuy": false, "qty": 694}, {"price": 4404, "isBuy": false, "qty": 3493}, {"price": 4425, "isBuy": false, "qty": 3493}, {"price": 4446, "isBuy": false, "qty": 3493}], "bids": null, "symbol": "RUZO", "venue": "YDTMEX", "ts": "2016-04-27T23:29:48.664777236Z"}, {"ok": true, "asks": [{"price": 4315, "isBuy": false, "qty": 347}, {"price": 4321, "isBuy": false, "qty": 3509}, {"price": 4336, "isBuy": false, "qty": 694}, {"price": 4342, "isBuy": false, "qty": 3509}, {"price": 4363, "isBuy": false, "qty": 3509}], "bids": [{"price": 4300, "isBuy": true, "qty": 219}, {"price": 4270, "isBuy": true, "qty": 189}, {"price": 4217, "isBuy": true, "qty": 6490}, {"price": 4196, "isBuy": true, "qty": 6490}, {"price": 4175, "isBuy": true, "qty": 6490}], "symbol": "RUZO", "venue": "YDTMEX", "ts": "2016-04-27T23:29:51.80622439Z"}, {"ok": true, "asks": [{"price": 4315, "isBuy": false, "qty": 347}, {"price": 4321, "isBuy": false, "qty": 3509}, {"price": 4336, "isBuy": false, "qty": 694}, {"price": 4342, "isBuy": false, "qty": 3509}, {"price": 4363, "isBuy": false, "qty": 3509}], "bids": [{"price": 4300, "isBuy": true, "qty": 219}, {"price": 4270, "isBuy": true, "qty": 189}, {"price": 4217, "isBuy": true, "qty": 6490}, {"price": 4196, "isBuy": true, "qty": 6490}, {"price": 4175, "isBuy": true, "qty": 6490}], "symbol": "RUZO", "venue": "YDTMEX", "ts": "2016-04-27T23:29:51.962421932Z"}, {"ok": true, "asks": [{"price": 4315, "isBuy": false, "qty": 347}, {"price": 4321, "isBuy": false, "qty": 3509}, {"price": 4336, "isBuy": false, "qty": 694}, {"price": 4342, "isBuy": false, "qty": 3509}, {"price": 4363, "isBuy": false, "qty": 3509}], "bids": [{"price": 4300, "isBuy": true, "qty": 219}, {"price": 4270, "isBuy": true, "qty": 189}, {"price": 4217, "isBuy": true, "qty": 6490}, {"price": 4196, "isBuy": true, "qty": 6490}, {"price": 4175, "isBuy": true, "qty": 6490}], "symbol": "RUZO", "venue": "YDTMEX", "ts": "2016-04-27T23:29:52.061438716Z"}, {"ok": true, "asks": [{"price": 4234, "isBuy": false, "qty": 469}, {"price": 4336, "isBuy": false, "qty": 466}], "bids": [{"price": 4156, "isBuy": true, "qty": 6461}, {"price": 4136, "isBuy": true, "qty": 6461}, {"price": 4116, "isBuy": true, "qty": 6461}], "symbol": "RUZO", "venue": "YDTMEX", "ts": "2016-04-27T23:29:55.356798931Z"}, {"ok": true, "asks": [{"price": 4234, "isBuy": false, "qty": 469}, {"price": 4336, "isBuy": false, "qty": 466}], "bids": [{"price": 4156, "isBuy": true, "qty": 6461}, {"price": 4136, "isBuy": true, "qty": 6461}, {"price": 4116, "isBuy": true, "qty": 6461}], "symbol": "RUZO", "venue": "YDTMEX", "ts": "2016-04-27T23:29:55.452831074Z"}, {"ok": true, "asks": [{"price": 4234, "isBuy": false, "qty": 469}, {"price": 4336, "isBuy": false, "qty": 466}], "bids": [{"price": 4156, "isBuy": true, "qty": 6461}, {"price": 4136, "isBuy": true, "qty": 6461}, {"price": 4116, "isBuy": true, "qty": 6461}], "symbol": "RUZO", "venue": "YDTMEX", "ts": "2016-04-27T23:29:55.45479807Z"}, {"ok": true, "asks": [{"price": 4234, "isBuy": false, "qty": 469}, {"price": 4249, "isBuy": false, "qty": 432}, {"price": 4336, "isBuy": false, "qty": 466}], "bids": [{"price": 4218, "isBuy": true, "qty": 395}, {"price": 4156, "isBuy": true, "qty": 6461}, {"price": 4136, "isBuy": true, "qty": 6461}, {"price": 4116, "isBuy": true, "qty": 6461}], "symbol": "RUZO", "venue": "YDTMEX", "ts": "2016-04-27T23:29:58.717127665Z"}, {"ok": true, "asks": [{"price": 4234, "isBuy": false, "qty": 469}, {"price": 4249, "isBuy": false, "qty": 432}, {"price": 4336, "isBuy": false, "qty": 466}], "bids": [{"price": 4218, "isBuy": true, "qty": 395}, {"price": 4156, "isBuy": true, "qty": 6461}, {"price": 4136, "isBuy": true, "qty": 6461}, {"price": 4116, "isBuy": true, "qty": 6461}], "symbol": "RUZO", "venue": "YDTMEX", "ts": "2016-04-27T23:29:58.735306654Z"}, {"ok": true, "asks": [{"price": 4234, "isBuy": false, "qty": 469}, {"price": 4249, "isBuy": false, "qty": 432}, {"price": 4336, "isBuy": false, "qty": 466}], "bids": [{"price": 4218, "isBuy": true, "qty": 395}, {"price": 4156, "isBuy": true, "qty": 6461}, {"price": 4136, "isBuy": true, "qty": 6461}, {"price": 4116, "isBuy": true, "qty": 6461}], "symbol": "RUZO", "venue": "YDTMEX", "ts": "2016-04-27T23:29:58.812188311Z"}, {"ok": true, "asks": [{"price": 4336, "isBuy": false, "qty": 466}], "bids": [{"price": 4228, "isBuy": true, "qty": 6072}, {"price": 4218, "isBuy": true, "qty": 395}, {"price": 4207, "isBuy": true, "qty": 6461}, {"price": 4186, "isBuy": true, "qty": 6461}], "symbol": "RUZO", "venue": "YDTMEX", "ts": "2016-04-27T23:29:58.917127477Z"}, {"ok": true, "asks": [{"price": 4329, "isBuy": false, "qty": 3501}, {"price": 4336, "isBuy": false, "qty": 466}, {"price": 4350, "isBuy": false, "qty": 3501}, {"price": 4371, "isBuy": false, "qty": 3501}], "bids": [{"price": 4218, "isBuy": true, "qty": 395}], "symbol": "RUZO", "venue": "YDTMEX", "ts": "2016-04-27T23:29:59.016213085Z"}, {"ok": true, "asks": [{"price": 4329, "isBuy": false, "qty": 3501}, {"price": 4336, "isBuy": false, "qty": 466}, {"price": 4350, "isBuy": false, "qty": 3501}, {"price": 4371, "isBuy": false, "qty": 3501}], "bids": [{"price": 4239, "isBuy": true, "qty": 845}, {"price": 4218, "isBuy": true, "qty": 395}], "symbol": "RUZO", "venue": "YDTMEX", "ts": "2016-04-27T23:30:01.570972661Z"}, {"ok": true, "asks": [{"price": 4329, "isBuy": false, "qty": 3501}, {"price": 4336, "isBuy": false, "qty": 466}, {"price": 4350, "isBuy": false, "qty": 3501}, {"price": 4371, "isBuy": false, "qty": 3501}], "bids": [{"price": 4239, "isBuy": true, "qty": 845}, {"price": 4218, "isBuy": true, "qty": 395}], "symbol": "RUZO", "venue": "YDTMEX", "ts": "2016-04-27T23:30:02.254385879Z"}, {"ok": true, "asks": [{"price": 4329, "isBuy": false, "qty": 3501}, {"price": 4336, "isBuy": false, "qty": 466}, {"price": 4350, "isBuy": false, "qty": 3501}, {"price": 4371, "isBuy": false, "qty": 3501}], "bids": [{"price": 4239, "isBuy": true, "qty": 845}, {"price": 4218, "isBuy": true, "qty": 395}], "symbol": "RUZO", "venue": "YDTMEX", "ts": "2016-04-27T23:30:02.347729377Z"}, {"ok": true, "asks": [{"price": 4329, "isBuy": false, "qty": 3501}, {"price": 4336, "isBuy": false, "qty": 466}, {"price": 4350, "isBuy": false, "qty": 3501}, {"price": 4371, "isBuy": false, "qty": 3501}], "bids": [{"price": 4239, "isBuy": true, "qty": 845}, {"price": 4218, "isBuy": true, "qty": 395}], "symbol": "RUZO", "venue": "YDTMEX", "ts": "2016-04-27T23:30:02.441764381Z"}, {"ok": true, "asks": [{"price": 2707, "isBuy": false, "qty": 186333}, {"price": 4249, "isBuy": false, "qty": 540}, {"price": 4336, "isBuy": false, "qty": 466}, {"price": 4396, "isBuy": false, "qty": 3501}, {"price": 4417, "isBuy": false, "qty": 3501}, {"price": 4438, "isBuy": false, "qty": 3501}], "bids": [{"price": 2642, "isBuy": true, "qty": 6498}], "symbol": "RUZO", "venue": "YDTMEX", "ts": "2016-04-27T23:30:05.669621896Z"}, {"ok": true, "asks": [{"price": 2707, "isBuy": false, "qty": 186333}, {"price": 4249, "isBuy": false, "qty": 540}, {"price": 4336, "isBuy": false, "qty": 466}, {"price": 4396, "isBuy": false, "qty": 3501}, {"price": 4417, "isBuy": false, "qty": 3501}, {"price": 4438, "isBuy": false, "qty": 3501}], "bids": [{"price": 2642, "isBuy": true, "qty": 6498}], "symbol": "RUZO", "venue": "YDTMEX", "ts": "2016-04-27T23:30:05.776255946Z"}, {"ok": true, "asks": [{"price": 2707, "isBuy": false, "qty": 186333}, {"price": 4249, "isBuy": false, "qty": 540}, {"price": 4336, "isBuy": false, "qty": 466}, {"price": 4396, "isBuy": false, "qty": 3501}, {"price": 4417, "isBuy": false, "qty": 3501}, {"price": 4438, "isBuy": false, "qty": 3501}], "bids": [{"price": 2642, "isBuy": true, "qty": 6498}], "symbol": "RUZO", "venue": "YDTMEX", "ts": "2016-04-27T23:30:06.306704295Z"}, {"ok": true, "asks": [{"price": 2707, "isBuy": false, "qty": 186333}, {"price": 4164, "isBuy": false, "qty": 270}, {"price": 4249, "isBuy": false, "qty": 540}, {"price": 4336, "isBuy": false, "qty": 466}, {"price": 4396, "isBuy": false, "qty": 3501}, {"price": 4417, "isBuy": false, "qty": 3501}, {"price": 4438, "isBuy": false, "qty": 3501}], "bids": [{"price": 2642, "isBuy": true, "qty": 6498}], "symbol": "RUZO", "venue": "YDTMEX", "ts": "2016-04-27T23:30:08.173999242Z"}, {"ok": true, "asks": [{"price": 4211, "isBuy": false, "qty": 3501}, {"price": 4231, "isBuy": false, "qty": 3501}, {"price": 4249, "isBuy": false, "qty": 466}, {"price": 4251, "isBuy": false, "qty": 3501}, {"price": 4336, "isBuy": false, "qty": 466}], "bids": [{"price": 4171, "isBuy": true, "qty": 6491}, {"price": 4151, "isBuy": true, "qty": 6491}, {"price": 4143, "isBuy": true, "qty": 137}, {"price": 4131, "isBuy": true, "qty": 6491}], "symbol": "RUZO", "venue": "YDTMEX", "ts": "2016-04-27T23:30:09.002092071Z"}, {"ok": true, "asks": [{"price": 4211, "isBuy": false, "qty": 3501}, {"price": 4231, "isBuy": false, "qty": 3501}, {"price": 4249, "isBuy": false, "qty": 466}, {"price": 4251, "isBuy": false, "qty": 3501}, {"price": 4336, "isBuy": false, "qty": 466}], "bids": [{"price": 4171, "isBuy": true, "qty": 6491}, {"price": 4151, "isBuy": true, "qty": 6491}, {"price": 4143, "isBuy": true, "qty": 137}, {"price": 4131, "isBuy": true, "qty": 6491}], "symbol": "RUZO", "venue": "YDTMEX", "ts": "2016-04-27T23:30:09.149276996Z"}, {"ok": true, "asks": [{"price": 4211, "isBuy": false, "qty": 3501}, {"price": 4231, "isBuy": false, "qty": 3501}, {"price": 4249, "isBuy": false, "qty": 466}, {"price": 4251, "isBuy": false, "qty": 3501}, {"price": 4336, "isBuy": false, "qty": 466}], "bids": [{"price": 4171, "isBuy": true, "qty": 6491}, {"price": 4151, "isBuy": true, "qty": 6491}, {"price": 4143, "isBuy": true, "qty": 137}, {"price": 4131, "isBuy": true, "qty": 6491}], "symbol": "RUZO", "venue": "YDTMEX", "ts": "2016-04-27T23:30:11.007577913Z"}, {"ok": true, "asks": [{"price": 4211, "isBuy": false, "qty": 3501}, {"price": 4231, "isBuy": false, "qty": 3501}, {"price": 4249, "isBuy": false, "qty": 466}, {"price": 4251, "isBuy": false, "qty": 3501}, {"price": 4336, "isBuy": false, "qty": 466}], "bids": [{"price": 4171, "isBuy": true, "qty": 6491}, {"price": 4151, "isBuy": true, "qty": 6491}, {"price": 4143, "isBuy": true, "qty": 137}, {"price": 4131, "isBuy": true, "qty": 6491}], "symbol": "RUZO", "venue": "YDTMEX", "ts": "2016-04-27T23:30:12.355301424Z"}, {"ok": true, "asks": [{"price": 4211, "isBuy": false, "qty": 3501}, {"price": 4231, "isBuy": false, "qty": 3501}, {"price": 4249, "isBuy": false, "qty": 466}, {"price": 4251, "isBuy": false, "qty": 3501}, {"price": 4336, "isBuy": false, "qty": 466}], "bids": [{"price": 4171, "isBuy": true, "qty": 6491}, {"price": 4151, "isBuy": true, "qty": 6491}, {"price": 4143, "isBuy": true, "qty": 137}, {"price": 4131, "isBuy": true, "qty": 6491}], "symbol": "RUZO", "venue": "YDTMEX", "ts": "2016-04-27T23:30:12.450545624Z"}, {"ok": true, "asks": [{"price": 4249, "isBuy": false, "qty": 466}, {"price": 4336, "isBuy": false, "qty": 466}, {"price": 4384, "isBuy": false, "qty": 3548}, {"price": 4405, "isBuy": false, "qty": 3548}, {"price": 4426, "isBuy": false, "qty": 3548}], "bids": null, "symbol": "RUZO", "venue": "YDTMEX", "ts": "2016-04-27T23:30:14.325487158Z"}, {"ok": true, "asks": [{"price": 4249, "isBuy": false, "qty": 466}, {"price": 4336, "isBuy": false, "qty": 466}, {"price": 4384, "isBuy": false, "qty": 3548}, {"price": 4405, "isBuy": false, "qty": 3548}, {"price": 4426, "isBuy": false, "qty": 3548}], "bids": null, "symbol": "RUZO", "venue": "YDTMEX", "ts": "2016-04-27T23:30:16.152700763Z"}, {"ok": true, "asks": [{"price": 4249, "isBuy": false, "qty": 466}, {"price": 4336, "isBuy": false, "qty": 466}, {"price": 4384, "isBuy": false, "qty": 3548}, {"price": 4405, "isBuy": false, "qty": 3548}, {"price": 4426, "isBuy": false, "qty": 3548}], "bids": null, "symbol": "RUZO", "venue": "YDTMEX", "ts": "2016-04-27T23:30:16.324092153Z"}, {"ok": true, "asks": [{"price": 4249, "isBuy": false, "qty": 466}, {"price": 4336, "isBuy": false, "qty": 466}, {"price": 4384, "isBuy": false, "qty": 3548}, {"price": 4405, "isBuy": false, "qty": 3548}, {"price": 4426, "isBuy": false, "qty": 3548}], "bids": null, "symbol": "RUZO", "venue": "YDTMEX", "ts": "2016-04-27T23:30:17.778001597Z"}, {"ok": true, "asks": [{"price": 4249, "isBuy": false, "qty": 291}, {"price": 4336, "isBuy": false, "qty": 466}, {"price": 4361, "isBuy": false, "qty": 3548}, {"price": 4382, "isBuy": false, "qty": 3548}, {"price": 4403, "isBuy": false, "qty": 3548}], "bids": [{"price": 4228, "isBuy": true, "qty": 6163}, {"price": 4207, "isBuy": true, "qty": 6163}, {"price": 4186, "isBuy": true, "qty": 6163}], "symbol": "RUZO", "venue": "YDTMEX", "ts": "2016-04-27T23:30:19.535676185Z"}, {"ok": true, "asks": [{"price": 4249, "isBuy": false, "qty": 291}, {"price": 4336, "isBuy": false, "qty": 466}, {"price": 4361, "isBuy": false, "qty": 3548}, {"price": 4382, "isBuy": false, "qty": 3548}, {"price": 4403, "isBuy": false, "qty": 3548}], "bids": [{"price": 4228, "isBuy": true, "qty": 6163}, {"price": 4207, "isBuy": true, "qty": 6163}, {"price": 4186, "isBuy": true, "qty": 6163}], "symbol": "RUZO", "venue": "YDTMEX", "ts": "2016-04-27T23:30:19.675886853Z"}, {"ok": true, "asks": [{"price": 4249, "isBuy": false, "qty": 291}, {"price": 4336, "isBuy": false, "qty": 466}, {"price": 4361, "isBuy": false, "qty": 3548}, {"price": 4382, "isBuy": false, "qty": 3548}, {"price": 4403, "isBuy": false, "qty": 3548}], "bids": [{"price": 4228, "isBuy": true, "qty": 6163}, {"price": 4207, "isBuy": true, "qty": 6163}, {"price": 4186, "isBuy": true, "qty": 6163}], "symbol": "RUZO", "venue": "YDTMEX", "ts": "2016-04-27T23:30:21.141432166Z"}, {"ok": true, "asks": [{"price": 4249, "isBuy": false, "qty": 291}, {"price": 4336, "isBuy": false, "qty": 466}, {"price": 4361, "isBuy": false, "qty": 3548}, {"price": 4382, "isBuy": false, "qty": 3548}, {"price": 4403, "isBuy": false, "qty": 3548}], "bids": [{"price": 4228, "isBuy": true, "qty": 6163}, {"price": 4207, "isBuy": true, "qty": 6163}, {"price": 4186, "isBuy": true, "qty": 6163}], "symbol": "RUZO", "venue": "YDTMEX", "ts": "2016-04-27T23:30:22.947620422Z"}, {"ok": true, "asks": [{"price": 4249, "isBuy": false, "qty": 291}, {"price": 4336, "isBuy": false, "qty": 466}, {"price": 4361, "isBuy": false, "qty": 3548}, {"price": 4382, "isBuy": false, "qty": 3548}, {"price": 4403, "isBuy": false, "qty": 3548}], "bids": [{"price": 4228, "isBuy": true, "qty": 6163}, {"price": 4207, "isBuy": true, "qty": 6163}, {"price": 4186, "isBuy": true, "qty": 6163}], "symbol": "RUZO", "venue": "YDTMEX", "ts": "2016-04-27T23:30:23.077968698Z"}, {"ok": true, "asks": [{"price": 4296, "isBuy": false, "qty": 3944}, {"price": 4317, "isBuy": false, "qty": 3944}, {"price": 4338, "isBuy": false, "qty": 3944}], "bids": [{"price": 4254, "isBuy": true, "qty": 6052}, {"price": 4233, "isBuy": true, "qty": 6052}, {"price": 4212, "isBuy": true, "qty": 6052}], "symbol": "RUZO", "venue": "YDTMEX", "ts": "2016-04-27T23:30:24.323203123Z"}, {"ok": true, "asks": [{"price": 4296, "isBuy": false, "qty": 3944}, {"price": 4317, "isBuy": false, "qty": 3944}, {"price": 4338, "isBuy": false, "qty": 3944}], "bids": [{"price": 4254, "isBuy": true, "qty": 6052}, {"price": 4233, "isBuy": true, "qty": 6052}, {"price": 4212, "isBuy": true, "qty": 6052}], "symbol": "RUZO", "venue": "YDTMEX", "ts": "2016-04-27T23:30:27.538467533Z"}, {"ok": true, "asks": null, "bids": [{"price": 4187, "isBuy": true, "qty": 5975}, {"price": 4166, "isBuy": true, "qty": 5975}, {"price": 4145, "isBuy": true, "qty": 5975}], "symbol": "RUZO", "venue": "YDTMEX", "ts": "2016-04-27T23:30:30.751992204Z"}, {"ok": true, "asks": null, "bids": [{"price": 4187, "isBuy": true, "qty": 5975}, {"price": 4166, "isBuy": true, "qty": 5975}, {"price": 4145, "isBuy": true, "qty": 5975}], "symbol": "RUZO", "venue": "YDTMEX", "ts": "2016-04-27T23:30:34.003526712Z"}, {"ok": true, "asks": [{"price": 4461, "isBuy": false, "qty": 4005}, {"price": 4483, "isBuy": false, "qty": 4005}, {"price": 4505, "isBuy": false, "qty": 4197}], "bids": [{"price": 4439, "isBuy": true, "qty": 7}, {"price": 4395, "isBuy": true, "qty": 5802}, {"price": 4373, "isBuy": true, "qty": 5802}, {"price": 4351, "isBuy": true, "qty": 5802}], "symbol": "RUZO", "venue": "YDTMEX", "ts": "2016-04-27T23:30:37.211698115Z"}, {"ok": true, "asks": null, "bids": [{"price": 4365, "isBuy": true, "qty": 5645}, {"price": 4344, "isBuy": true, "qty": 5645}, {"price": 4323, "isBuy": true, "qty": 5645}], "symbol": "RUZO", "venue": "YDTMEX", "ts": "2016-04-27T23:30:40.451697125Z"}, {"ok": true, "asks": null, "bids": [{"price": 4365, "isBuy": true, "qty": 5645}, {"price": 4344, "isBuy": true, "qty": 5645}, {"price": 4323, "isBuy": true, "qty": 5645}], "symbol": "RUZO", "venue": "YDTMEX", "ts": "2016-04-27T23:30:43.67481851Z"}, {"ok": true, "asks": [{"price": 2655, "isBuy": false, "qty": 187631}], "bids": null, "symbol": "RUZO", "venue": "YDTMEX", "ts": "2016-04-27T23:30:46.873791592Z"}, {"ok": true, "asks": [{"price": 4327, "isBuy": false, "qty": 7268}, {"price": 4348, "isBuy": false, "qty": 7268}, {"price": 4369, "isBuy": false, "qty": 7268}], "bids": [{"price": 4285, "isBuy": true, "qty": 2731}, {"price": 4276, "isBuy": true, "qty": 291}, {"price": 4264, "isBuy": true, "qty": 2731}, {"price": 4243, "isBuy": true, "qty": 2731}], "symbol": "RUZO", "venue": "YDTMEX", "ts": "2016-04-27T23:30:50.116238506Z"}, {"ok": true, "asks": [{"price": 4327, "isBuy": false, "qty": 7268}, {"price": 4348, "isBuy": false, "qty": 7268}, {"price": 4369, "isBuy": false, "qty": 7268}], "bids": [{"price": 4285, "isBuy": true, "qty": 2731}, {"price": 4276, "isBuy": true, "qty": 291}, {"price": 4264, "isBuy": true, "qty": 2731}, {"price": 4243, "isBuy": true, "qty": 2731}], "symbol": "RUZO", "venue": "YDTMEX", "ts": "2016-04-27T23:30:53.363608613Z"}, {"ok": true, "asks": [{"price": 4268, "isBuy": false, "qty": 355}, {"price": 4518, "isBuy": false, "qty": 7383}, {"price": 4540, "isBuy": false, "qty": 7383}, {"price": 4562, "isBuy": false, "qty": 7383}], "bids": null, "symbol": "RUZO", "venue": "YDTMEX", "ts": "2016-04-27T23:30:56.654842084Z"}, {"ok": true, "asks": [{"price": 4367, "isBuy": false, "qty": 7305}, {"price": 4388, "isBuy": false, "qty": 7305}, {"price": 4409, "isBuy": false, "qty": 7305}], "bids": null, "symbol": "RUZO", "venue": "YDTMEX", "ts": "2016-04-27T23:30:59.888412501Z"}, {"ok": true, "asks": [{"price": 4367, "isBuy": false, "qty": 7305}, {"price": 4388, "isBuy": false, "qty": 7305}, {"price": 4409, "isBuy": false, "qty": 7305}], "bids": null, "symbol": "RUZO", "venue": "YDTMEX", "ts": "2016-04-27T23:31:03.117046578Z"}, {"ok": true, "asks": [{"price": 4404, "isBuy": false, "qty": 7243}, {"price": 4425, "isBuy": false, "qty": 7243}, {"price": 4446, "isBuy": false, "qty": 7243}], "bids": null, "symbol": "RUZO", "venue": "YDTMEX", "ts": "2016-04-27T23:31:06.391505155Z"}, {"ok": true, "asks": [{"price": 4195, "isBuy": false, "qty": 344}, {"price": 4259, "isBuy": false, "qty": 7086}, {"price": 4280, "isBuy": false, "qty": 7086}, {"price": 4301, "isBuy": false, "qty": 7086}, {"price": 4342, "isBuy": false, "qty": 134}], "bids": [{"price": 4150, "isBuy": true, "qty": 2756}, {"price": 4130, "isBuy": true, "qty": 2756}, {"price": 4110, "isBuy": true, "qty": 2756}], "symbol": "RUZO", "venue": "YDTMEX", "ts": "2016-04-27T23:31:09.625828598Z"}, {"ok": true, "asks": [{"price": 4195, "isBuy": false, "qty": 344}, {"price": 4259, "isBuy": false, "qty": 7086}, {"price": 4280, "isBuy": false, "qty": 7086}, {"price": 4301, "isBuy": false, "qty": 7086}, {"price": 4342, "isBuy": false, "qty": 134}], "bids": [{"price": 4150, "isBuy": true, "qty": 2756}, {"price": 4130, "isBuy": true, "qty": 2756}, {"price": 4110, "isBuy": true, "qty": 2756}], "symbol": "RUZO", "venue": "YDTMEX", "ts": "2016-04-27T23:31:12.801640653Z"}, {"ok": true, "asks": [{"price": 4440, "isBuy": false, "qty": 7072}, {"price": 4462, "isBuy": false, "qty": 7072}, {"price": 4484, "isBuy": false, "qty": 7072}], "bids": [{"price": 4396, "isBuy": true, "qty": 2744}, {"price": 4374, "isBuy": true, "qty": 2744}, {"price": 4352, "isBuy": true, "qty": 2744}], "symbol": "RUZO", "venue": "YDTMEX", "ts": "2016-04-27T23:31:21.048534174Z"}, {"ok": true, "asks": [{"price": 4353, "isBuy": false, "qty": 216}, {"price": 4368, "isBuy": false, "qty": 228}, {"price": 4424, "isBuy": false, "qty": 7386}, {"price": 4446, "isBuy": false, "qty": 7386}, {"price": 4468, "isBuy": false, "qty": 7386}], "bids": [{"price": 4347, "isBuy": true, "qty": 2613}, {"price": 4326, "isBuy": true, "qty": 2613}, {"price": 4305, "isBuy": true, "qty": 2613}], "symbol": "RUZO", "venue": "YDTMEX", "ts": "2016-04-27T23:31:24.284531853Z"}, {"ok": true, "asks": [{"price": 4353, "isBuy": false, "qty": 216}, {"price": 4368, "isBuy": false, "qty": 228}, {"price": 4424, "isBuy": false, "qty": 7386}, {"price": 4446, "isBuy": false, "qty": 7386}, {"price": 4468, "isBuy": false, "qty": 7386}], "bids": [{"price": 4347, "isBuy": true, "qty": 2613}, {"price": 4326, "isBuy": true, "qty": 2613}, {"price": 4305, "isBuy": true, "qty": 2613}], "symbol": "RUZO", "venue": "YDTMEX", "ts": "2016-04-27T23:31:27.710916372Z"}, {"ok": true, "asks": [{"price": 4504, "isBuy": false, "qty": 7438}, {"price": 4526, "isBuy": false, "qty": 7438}, {"price": 4548, "isBuy": false, "qty": 7438}], "bids": null, "symbol": "RUZO", "venue": "YDTMEX", "ts": "2016-04-27T23:31:31.002356658Z"}, {"ok": true, "asks": [{"price": 4293, "isBuy": false, "qty": 7423}, {"price": 4314, "isBuy": false, "qty": 7423}, {"price": 4335, "isBuy": false, "qty": 7423}], "bids": [{"price": 4251, "isBuy": true, "qty": 2576}, {"price": 4230, "isBuy": true, "qty": 2576}, {"price": 4209, "isBuy": true, "qty": 2576}], "symbol": "RUZO", "venue": "YDTMEX", "ts": "2016-04-27T23:31:34.260097929Z"}, {"ok": true, "asks": [{"price": 4293, "isBuy": false, "qty": 7423}, {"price": 4314, "isBuy": false, "qty": 7423}, {"price": 4335, "isBuy": false, "qty": 7423}], "bids": [{"price": 4251, "isBuy": true, "qty": 2576}, {"price": 4230, "isBuy": true, "qty": 2576}, {"price": 4209, "isBuy": true, "qty": 2576}], "symbol": "RUZO", "venue": "YDTMEX", "ts": "2016-04-27T23:31:37.500897826Z"}, {"ok": true, "asks": null, "bids": [{"price": 4135, "isBuy": true, "qty": 2556}, {"price": 4115, "isBuy": true, "qty": 2556}, {"price": 4095, "isBuy": true, "qty": 2556}], "symbol": "RUZO", "venue": "YDTMEX", "ts": "2016-04-27T23:31:41.091504419Z"}, {"ok": true, "asks": null, "bids": [{"price": 4197, "isBuy": true, "qty": 863}, {"price": 4098, "isBuy": true, "qty": 2802}, {"price": 4078, "isBuy": true, "qty": 2802}, {"price": 4058, "isBuy": true, "qty": 2802}], "symbol": "RUZO", "venue": "YDTMEX", "ts": "2016-04-27T23:31:44.587293148Z"}, {"ok": true, "asks": null, "bids": [{"price": 4197, "isBuy": true, "qty": 863}, {"price": 4098, "isBuy": true, "qty": 2802}, {"price": 4078, "isBuy": true, "qty": 2802}, {"price": 4058, "isBuy": true, "qty": 2802}], "symbol": "RUZO", "venue": "YDTMEX", "ts": "2016-04-27T23:31:46.044216144Z"}, {"ok": true, "asks": null, "bids": [{"price": 4197, "isBuy": true, "qty": 863}, {"price": 4179, "isBuy": true, "qty": 432}, {"price": 4098, "isBuy": true, "qty": 2802}, {"price": 4078, "isBuy": true, "qty": 2802}, {"price": 4058, "isBuy": true, "qty": 2802}], "symbol": "RUZO", "venue": "YDTMEX", "ts": "2016-04-27T23:31:47.747553799Z"}, {"ok": true, "asks": [{"price": 4466, "isBuy": false, "qty": 7075}, {"price": 4488, "isBuy": false, "qty": 7075}, {"price": 4510, "isBuy": false, "qty": 7075}], "bids": [{"price": 4227, "isBuy": true, "qty": 2765}, {"price": 4206, "isBuy": true, "qty": 2902}, {"price": 4185, "isBuy": true, "qty": 2902}, {"price": 4179, "isBuy": true, "qty": 353}], "symbol": "RUZO", "venue": "YDTMEX", "ts": "2016-04-27T23:31:49.312617364Z"}, {"ok": true, "asks": [{"price": 4466, "isBuy": false, "qty": 7075}, {"price": 4488, "isBuy": false, "qty": 7075}, {"price": 4510, "isBuy": false, "qty": 7075}], "bids": [{"price": 4227, "isBuy": true, "qty": 2765}, {"price": 4206, "isBuy": true, "qty": 2902}, {"price": 4185, "isBuy": true, "qty": 2902}, {"price": 4179, "isBuy": true, "qty": 353}], "symbol": "RUZO", "venue": "YDTMEX", "ts": "2016-04-27T23:31:50.741091164Z"}, {"ok": true, "asks": [{"price": 4466, "isBuy": false, "qty": 7075}, {"price": 4488, "isBuy": false, "qty": 7075}, {"price": 4510, "isBuy": false, "qty": 7075}], "bids": [{"price": 4227, "isBuy": true, "qty": 2765}, {"price": 4206, "isBuy": true, "qty": 2902}, {"price": 4185, "isBuy": true, "qty": 2902}, {"price": 4179, "isBuy": true, "qty": 353}], "symbol": "RUZO", "venue": "YDTMEX", "ts": "2016-04-27T23:31:52.58051761Z"}, {"ok": true, "asks": [{"price": 4331, "isBuy": false, "qty": 7068}, {"price": 4352, "isBuy": false, "qty": 7068}, {"price": 4373, "isBuy": false, "qty": 7068}], "bids": [{"price": 4289, "isBuy": true, "qty": 2524}, {"price": 4268, "isBuy": true, "qty": 2833}, {"price": 4247, "isBuy": true, "qty": 2833}, {"price": 4179, "isBuy": true, "qty": 353}], "symbol": "RUZO", "venue": "YDTMEX", "ts": "2016-04-27T23:31:54.253540905Z"}, {"ok": true, "asks": [{"price": 4331, "isBuy": false, "qty": 7068}, {"price": 4352, "isBuy": false, "qty": 7068}, {"price": 4373, "isBuy": false, "qty": 7068}], "bids": [{"price": 4289, "isBuy": true, "qty": 2524}, {"price": 4268, "isBuy": true, "qty": 2833}, {"price": 4247, "isBuy": true, "qty": 2833}, {"price": 4179, "isBuy": true, "qty": 353}], "symbol": "RUZO", "venue": "YDTMEX", "ts": "2016-04-27T23:31:55.805941078Z"}, {"ok": true, "asks": [{"price": 4331, "isBuy": false, "qty": 7068}, {"price": 4352, "isBuy": false, "qty": 7068}, {"price": 4373, "isBuy": false, "qty": 7068}], "bids": [{"price": 4289, "isBuy": true, "qty": 2221}, {"price": 4268, "isBuy": true, "qty": 2833}, {"price": 4247, "isBuy": true, "qty": 2833}, {"price": 4179, "isBuy": true, "qty": 353}], "symbol": "RUZO", "venue": "YDTMEX", "ts": "2016-04-27T23:31:57.3554096Z"}, {"ok": true, "asks": null, "bids": [{"price": 4278, "isBuy": true, "qty": 273}, {"price": 4179, "isBuy": true, "qty": 16}], "symbol": "RUZO", "venue": "YDTMEX", "ts": "2016-04-27T23:31:59.045667294Z"}, {"ok": true, "asks": [{"price": 4264, "isBuy": false, "qty": 320}], "bids": [{"price": 4179, "isBuy": true, "qty": 16}, {"price": 4158, "isBuy": true, "qty": 2862}, {"price": 4138, "isBuy": true, "qty": 2862}, {"price": 4118, "isBuy": true, "qty": 2862}], "symbol": "RUZO", "venue": "YDTMEX", "ts": "2016-04-27T23:32:00.653888881Z"}, {"ok": true, "asks": [{"price": 4264, "isBuy": false, "qty": 320}], "bids": [{"price": 4179, "isBuy": true, "qty": 16}, {"price": 4158, "isBuy": true, "qty": 2862}, {"price": 4138, "isBuy": true, "qty": 2862}, {"price": 4118, "isBuy": true, "qty": 2862}], "symbol": "RUZO", "venue": "YDTMEX", "ts": "2016-04-27T23:32:02.314333289Z"}, {"ok": true, "asks": null, "bids": [{"price": 4179, "isBuy": true, "qty": 16}, {"price": 4158, "isBuy": true, "qty": 2862}, {"price": 4138, "isBuy": true, "qty": 2862}, {"price": 4118, "isBuy": true, "qty": 2862}], "symbol": "RUZO", "venue": "YDTMEX", "ts": "2016-04-27T23:32:02.562161056Z"}, {"ok": true, "asks": null, "bids": [{"price": 4179, "isBuy": true, "qty": 16}, {"price": 4158, "isBuy": true, "qty": 2862}, {"price": 4138, "isBuy": true, "qty": 2862}, {"price": 4118, "isBuy": true, "qty": 2862}], "symbol": "RUZO", "venue": "YDTMEX", "ts": "2016-04-27T23:32:03.626312835Z"}, {"ok": true, "asks": [{"price": 4277, "isBuy": false, "qty": 254}, {"price": 4342, "isBuy": false, "qty": 6932}, {"price": 4363, "isBuy": false, "qty": 6932}, {"price": 4379, "isBuy": false, "qty": 138}, {"price": 4384, "isBuy": false, "qty": 6932}], "bids": [{"price": 4179, "isBuy": true, "qty": 16}, {"price": 4145, "isBuy": true, "qty": 2925}, {"price": 4125, "isBuy": true, "qty": 2925}, {"price": 4105, "isBuy": true, "qty": 2925}], "symbol": "RUZO", "venue": "YDTMEX", "ts": "2016-04-27T23:32:05.839413573Z"}, {"ok": true, "asks": [{"price": 4277, "isBuy": false, "qty": 254}, {"price": 4342, "isBuy": false, "qty": 6932}, {"price": 4363, "isBuy": false, "qty": 6932}, {"price": 4379, "isBuy": false, "qty": 138}, {"price": 4384, "isBuy": false, "qty": 6932}], "bids": [{"price": 4241, "isBuy": true, "qty": 670}, {"price": 4179, "isBuy": true, "qty": 16}, {"price": 4145, "isBuy": true, "qty": 2925}, {"price": 4125, "isBuy": true, "qty": 2925}, {"price": 4105, "isBuy": true, "qty": 2925}], "symbol": "RUZO", "venue": "YDTMEX", "ts": "2016-04-27T23:32:07.202610341Z"}, {"ok": true, "asks": [{"price": 4263, "isBuy": false, "qty": 454}, {"price": 4328, "isBuy": false, "qty": 6862}, {"price": 4349, "isBuy": false, "qty": 6862}, {"price": 4370, "isBuy": false, "qty": 6862}], "bids": [{"price": 4184, "isBuy": true, "qty": 3137}, {"price": 4163, "isBuy": true, "qty": 3137}, {"price": 4142, "isBuy": true, "qty": 3137}], "symbol": "RUZO", "venue": "YDTMEX", "ts": "2016-04-27T23:32:09.083189776Z"}, {"ok": true, "asks": [{"price": 4263, "isBuy": false, "qty": 454}, {"price": 4328, "isBuy": false, "qty": 6862}, {"price": 4349, "isBuy": false, "qty": 6862}, {"price": 4370, "isBuy": false, "qty": 6862}], "bids": [{"price": 4184, "isBuy": true, "qty": 3137}, {"price": 4163, "isBuy": true, "qty": 3137}, {"price": 4142, "isBuy": true, "qty": 3137}], "symbol": "RUZO", "venue": "YDTMEX", "ts": "2016-04-27T23:32:09.219593003Z"}, {"ok": true, "asks": [{"price": 4255, "isBuy": false, "qty": 328}, {"price": 4263, "isBuy": false, "qty": 454}, {"price": 4328, "isBuy": false, "qty": 6862}, {"price": 4349, "isBuy": false, "qty": 6862}, {"price": 4370, "isBuy": false, "qty": 6862}], "bids": [{"price": 4184, "isBuy": true, "qty": 3137}, {"price": 4163, "isBuy": true, "qty": 3137}, {"price": 4142, "isBuy": true, "qty": 3137}], "symbol": "RUZO", "venue": "YDTMEX", "ts": "2016-04-27T23:32:11.257902484Z"}, {"ok": true, "asks": [{"price": 4255, "isBuy": false, "qty": 328}, {"price": 4263, "isBuy": false, "qty": 454}, {"price": 4328, "isBuy": false, "qty": 6862}, {"price": 4349, "isBuy": false, "qty": 6862}, {"price": 4370, "isBuy": false, "qty": 6862}], "bids": [{"price": 4184, "isBuy": true, "qty": 3137}, {"price": 4163, "isBuy": true, "qty": 3137}, {"price": 4142, "isBuy": true, "qty": 3137}], "symbol": "RUZO", "venue": "YDTMEX", "ts": "2016-04-27T23:32:12.511185078Z"}, {"ok": true, "asks": [{"price": 4255, "isBuy": false, "qty": 328}, {"price": 4263, "isBuy": false, "qty": 454}, {"price": 4328, "isBuy": false, "qty": 6862}, {"price": 4349, "isBuy": false, "qty": 6862}, {"price": 4370, "isBuy": false, "qty": 6862}], "bids": [{"price": 4246, "isBuy": true, "qty": 335}, {"price": 4184, "isBuy": true, "qty": 3137}, {"price": 4163, "isBuy": true, "qty": 3137}, {"price": 4142, "isBuy": true, "qty": 3137}], "symbol": "RUZO", "venue": "YDTMEX", "ts": "2016-04-27T23:32:13.757929684Z"}, {"ok": true, "asks": [{"price": 4481, "isBuy": false, "qty": 6729}, {"price": 4503, "isBuy": false, "qty": 6729}, {"price": 4525, "isBuy": false, "qty": 6729}], "bids": [{"price": 4246, "isBuy": true, "qty": 335}], "symbol": "RUZO", "venue": "YDTMEX", "ts": "2016-04-27T23:32:15.795049302Z"}, {"ok": true, "asks": [{"price": 4481, "isBuy": false, "qty": 6729}, {"price": 4503, "isBuy": false, "qty": 6729}, {"price": 4525, "isBuy": false, "qty": 6729}], "bids": [{"price": 4267, "isBuy": true, "qty": 499}], "symbol": "RUZO", "venue": "YDTMEX", "ts": "2016-04-27T23:32:17.300518254Z"}, {"ok": true, "asks": [{"price": 4206, "isBuy": false, "qty": 6213}, {"price": 4226, "isBuy": false, "qty": 6711}, {"price": 4246, "isBuy": false, "qty": 6711}], "bids": [{"price": 4085, "isBuy": true, "qty": 3288}, {"price": 4065, "isBuy": true, "qty": 3288}, {"price": 4045, "isBuy": true, "qty": 3288}], "symbol": "RUZO", "venue": "YDTMEX", "ts": "2016-04-27T23:32:19.166296046Z"}, {"ok": true, "asks": [{"price": 4206, "isBuy": false, "qty": 6628}, {"price": 4226, "isBuy": false, "qty": 6628}, {"price": 4246, "isBuy": false, "qty": 6628}, {"price": 4412, "isBuy": false, "qty": 749}], "bids": null, "symbol": "RUZO", "venue": "YDTMEX", "ts": "2016-04-27T23:32:20.251646602Z"}, {"ok": true, "asks": [{"price": 4206, "isBuy": false, "qty": 6628}, {"price": 4226, "isBuy": false, "qty": 6628}, {"price": 4246, "isBuy": false, "qty": 6628}, {"price": 4412, "isBuy": false, "qty": 749}], "bids": null, "symbol": "RUZO", "venue": "YDTMEX", "ts": "2016-04-27T23:32:22.65044614Z"}, {"ok": true, "asks": [{"price": 4206, "isBuy": false, "qty": 6628}, {"price": 4226, "isBuy": false, "qty": 6628}, {"price": 4246, "isBuy": false, "qty": 6628}, {"price": 4412, "isBuy": false, "qty": 749}], "bids": null, "symbol": "RUZO", "venue": "YDTMEX", "ts": "2016-04-27T23:32:23.266354287Z"}, {"ok": true, "asks": [{"price": 4144, "isBuy": false, "qty": 478}, {"price": 4239, "isBuy": false, "qty": 6455}, {"price": 4260, "isBuy": false, "qty": 6455}, {"price": 4281, "isBuy": false, "qty": 6455}, {"price": 4412, "isBuy": false, "qty": 749}], "bids": null, "symbol": "RUZO", "venue": "YDTMEX", "ts": "2016-04-27T23:32:25.889788349Z"}, {"ok": true, "asks": [{"price": 4144, "isBuy": false, "qty": 478}, {"price": 4239, "isBuy": false, "qty": 6455}, {"price": 4260, "isBuy": false, "qty": 6455}, {"price": 4281, "isBuy": false, "qty": 6455}, {"price": 4412, "isBuy": false, "qty": 749}], "bids": null, "symbol": "RUZO", "venue": "YDTMEX", "ts": "2016-04-27T23:32:26.545549715Z"}, {"ok": true, "asks": null, "bids": [{"price": 5888, "isBuy": true, "qty": 13799}, {"price": 4397, "isBuy": true, "qty": 135}, {"price": 4218, "isBuy": true, "qty": 3613}, {"price": 4204, "isBuy": true, "qty": 42}, {"price": 4197, "isBuy": true, "qty": 3613}, {"price": 4176, "isBuy": true, "qty": 3613}], "symbol": "RUZO", "venue": "YDTMEX", "ts": "2016-04-27T23:32:29.121243872Z"}, {"ok": true, "asks": [{"price": 5886, "isBuy": false, "qty": 17745}, {"price": 6004, "isBuy": false, "qty": 3576}, {"price": 6033, "isBuy": false, "qty": 3576}], "bids": [{"price": 4308, "isBuy": true, "qty": 894}, {"price": 4287, "isBuy": true, "qty": 894}, {"price": 4266, "isBuy": true, "qty": 894}], "symbol": "RUZO", "venue": "YDTMEX", "ts": "2016-04-27T23:32:29.790995837Z"}, {"ok": true, "asks": [{"price": 5883, "isBuy": false, "qty": 374}, {"price": 5886, "isBuy": false, "qty": 17745}, {"price": 6004, "isBuy": false, "qty": 3576}, {"price": 6033, "isBuy": false, "qty": 3576}], "bids": [{"price": 4372, "isBuy": true, "qty": 624}, {"price": 4308, "isBuy": true, "qty": 894}, {"price": 4287, "isBuy": true, "qty": 894}, {"price": 4266, "isBuy": true, "qty": 894}], "symbol": "RUZO", "venue": "YDTMEX", "ts": "2016-04-27T23:32:33.599993444Z"}, {"ok": true, "asks": [{"price": 5883, "isBuy": false, "qty": 374}], "bids": [{"price": 4230, "isBuy": true, "qty": 6345}, {"price": 4209, "isBuy": true, "qty": 6345}, {"price": 4188, "isBuy": true, "qty": 6345}], "symbol": "RUZO", "venue": "YDTMEX", "ts": "2016-04-27T23:32:35.702610306Z"}, {"ok": true, "asks": [{"price": 5768, "isBuy": false, "qty": 686}], "bids": [{"price": 4394, "isBuy": true, "qty": 312}, {"price": 4230, "isBuy": true, "qty": 6345}, {"price": 4209, "isBuy": true, "qty": 6345}, {"price": 4188, "isBuy": true, "qty": 6345}], "symbol": "RUZO", "venue": "YDTMEX", "ts": "2016-04-27T23:32:36.901642045Z"}, {"ok": true, "asks": [{"price": 5768, "isBuy": false, "qty": 686}], "bids": [{"price": 4394, "isBuy": true, "qty": 312}, {"price": 4230, "isBuy": true, "qty": 6345}, {"price": 4209, "isBuy": true, "qty": 6345}, {"price": 4188, "isBuy": true, "qty": 6345}], "symbol": "RUZO", "venue": "YDTMEX", "ts": "2016-04-27T23:32:39.072714797Z"}, {"ok": true, "asks": [{"price": 5768, "isBuy": false, "qty": 686}], "bids": [{"price": 4307, "isBuy": true, "qty": 6210}, {"price": 4286, "isBuy": true, "qty": 6210}, {"price": 4265, "isBuy": true, "qty": 6210}], "symbol": "RUZO", "venue": "YDTMEX", "ts": "2016-04-27T23:32:39.311792352Z"}, {"ok": true, "asks": null, "bids": [{"price": 4307, "isBuy": true, "qty": 6210}, {"price": 4286, "isBuy": true, "qty": 6210}, {"price": 4265, "isBuy": true, "qty": 6210}], "symbol": "RUZO", "venue": "YDTMEX", "ts": "2016-04-27T23:32:39.552885419Z"}, {"ok": true, "asks": null, "bids": [{"price": 4307, "isBuy": true, "qty": 6210}, {"price": 4286, "isBuy": true, "qty": 6210}, {"price": 4265, "isBuy": true, "qty": 6210}], "symbol": "RUZO", "venue": "YDTMEX", "ts": "2016-04-27T23:32:42.845932758Z"}, {"ok": true, "asks": [{"price": 4625, "isBuy": false, "qty": 4004}, {"price": 4648, "isBuy": false, "qty": 4004}, {"price": 4671, "isBuy": false, "qty": 4004}], "bids": [{"price": 4602, "isBuy": true, "qty": 60}, {"price": 4520, "isBuy": true, "qty": 5995}, {"price": 4498, "isBuy": true, "qty": 5995}, {"price": 4476, "isBuy": true, "qty": 5995}, {"price": 4335, "isBuy": true, "qty": 162}], "symbol": "RUZO", "venue": "YDTMEX", "ts": "2016-04-27T23:32:46.37652467Z"}, {"ok": true, "asks": [{"price": 4555, "isBuy": false, "qty": 842}], "bids": [{"price": 4419, "isBuy": true, "qty": 5782}, {"price": 4397, "isBuy": true, "qty": 5782}, {"price": 4375, "isBuy": true, "qty": 5782}], "symbol": "RUZO", "venue": "YDTMEX", "ts": "2016-04-27T23:32:50.609033858Z"}, {"ok": true, "asks": [{"price": 4555, "isBuy": false, "qty": 842}], "bids": [{"price": 4419, "isBuy": true, "qty": 5782}, {"price": 4397, "isBuy": true, "qty": 5782}, {"price": 4375, "isBuy": true, "qty": 5782}], "symbol": "RUZO", "venue": "YDTMEX", "ts": "2016-04-27T23:32:52.223270473Z"}, {"ok": true, "asks": null, "bids": [{"price": 4419, "isBuy": true, "qty": 5782}, {"price": 4397, "isBuy": true, "qty": 5782}, {"price": 4375, "isBuy": true, "qty": 5782}], "symbol": "RUZO", "venue": "YDTMEX", "ts": "2016-04-27T23:32:53.548809832Z"}, {"ok": true, "asks": [{"price": 4578, "isBuy": false, "qty": 4243}, {"price": 4600, "isBuy": false, "qty": 4243}, {"price": 4622, "isBuy": false, "qty": 4243}], "bids": [{"price": 4534, "isBuy": true, "qty": 5536}, {"price": 4512, "isBuy": true, "qty": 5536}, {"price": 4490, "isBuy": true, "qty": 5536}], "symbol": "RUZO", "venue": "YDTMEX", "ts": "2016-04-27T23:32:56.843693709Z"}, {"ok": true, "asks": [{"price": 4508, "isBuy": false, "qty": 842}], "bids": [{"price": 4249, "isBuy": true, "qty": 5443}, {"price": 4228, "isBuy": true, "qty": 5443}, {"price": 4207, "isBuy": true, "qty": 5443}], "symbol": "RUZO", "venue": "YDTMEX", "ts": "2016-04-27T23:33:00.394061563Z"}, {"ok": true, "asks": [{"price": 4508, "isBuy": false, "qty": 842}], "bids": [{"price": 4249, "isBuy": true, "qty": 5443}, {"price": 4228, "isBuy": true, "qty": 5443}, {"price": 4207, "isBuy": true, "qty": 5443}], "symbol": "RUZO", "venue": "YDTMEX", "ts": "2016-04-27T23:33:02.006041418Z"}, {"ok": true, "asks": null, "bids": [{"price": 4249, "isBuy": true, "qty": 5443}, {"price": 4228, "isBuy": true, "qty": 5443}, {"price": 4207, "isBuy": true, "qty": 5443}], "symbol": "RUZO", "venue": "YDTMEX", "ts": "2016-04-27T23:33:03.557362311Z"}, {"ok": true, "asks": [{"price": 2696, "isBuy": false, "qty": 218101}, {"price": 4350, "isBuy": false, "qty": 7121}, {"price": 4371, "isBuy": false, "qty": 5501}, {"price": 4392, "isBuy": false, "qty": 5501}], "bids": [{"price": 2683, "isBuy": true, "qty": 2878}, {"price": 2670, "isBuy": true, "qty": 2878}, {"price": 2657, "isBuy": true, "qty": 2878}], "symbol": "RUZO", "venue": "YDTMEX", "ts": "2016-04-27T23:33:06.826945743Z"}, {"ok": true, "asks": [{"price": 4311, "isBuy": false, "qty": 7034}, {"price": 4332, "isBuy": false, "qty": 7034}, {"price": 4353, "isBuy": false, "qty": 7034}], "bids": [{"price": 4269, "isBuy": true, "qty": 2965}, {"price": 4248, "isBuy": true, "qty": 2965}, {"price": 4227, "isBuy": true, "qty": 2965}, {"price": 4185, "isBuy": true, "qty": 397}], "symbol": "RUZO", "venue": "YDTMEX", "ts": "2016-04-27T23:33:10.35620302Z"}, {"ok": true, "asks": [{"price": 4311, "isBuy": false, "qty": 7034}, {"price": 4332, "isBuy": false, "qty": 7034}, {"price": 4353, "isBuy": false, "qty": 7034}], "bids": [{"price": 4269, "isBuy": true, "qty": 2965}, {"price": 4248, "isBuy": true, "qty": 2965}, {"price": 4227, "isBuy": true, "qty": 2965}, {"price": 4185, "isBuy": true, "qty": 397}], "symbol": "RUZO", "venue": "YDTMEX", "ts": "2016-04-27T23:33:13.597971935Z"}, {"ok": true, "asks": null, "bids": [{"price": 4313, "isBuy": true, "qty": 372}, {"price": 4129, "isBuy": true, "qty": 2936}, {"price": 4109, "isBuy": true, "qty": 2936}, {"price": 4089, "isBuy": true, "qty": 2936}], "symbol": "RUZO", "venue": "YDTMEX", "ts": "2016-04-27T23:33:16.856231053Z"}, {"ok": true, "asks": [{"price": 2812, "isBuy": false, "qty": 216935}, {"price": 4431, "isBuy": false, "qty": 7944}, {"price": 4453, "isBuy": false, "qty": 7944}, {"price": 4475, "isBuy": false, "qty": 7944}], "bids": null, "symbol": "RUZO", "venue": "YDTMEX", "ts": "2016-04-27T23:33:20.145613059Z"}, {"ok": true, "asks": [{"price": 4462, "isBuy": false, "qty": 7934}, {"price": 4484, "isBuy": false, "qty": 7934}, {"price": 4506, "isBuy": false, "qty": 7934}], "bids": null, "symbol": "RUZO", "venue": "YDTMEX", "ts": "2016-04-27T23:33:26.701688232Z"}, {"ok": true, "asks": [{"price": 4394, "isBuy": false, "qty": 421}, {"price": 4459, "isBuy": false, "qty": 7934}, {"price": 4481, "isBuy": false, "qty": 7934}, {"price": 4503, "isBuy": false, "qty": 7934}], "bids": [{"price": 4240, "isBuy": true, "qty": 206}, {"price": 4106, "isBuy": true, "qty": 2051}, {"price": 4086, "isBuy": true, "qty": 2051}, {"price": 4066, "isBuy": true, "qty": 2051}], "symbol": "RUZO", "venue": "YDTMEX", "ts": "2016-04-27T23:33:30.46726299Z"}, {"ok": true, "asks": [{"price": 4394, "isBuy": false, "qty": 421}, {"price": 4459, "isBuy": false, "qty": 7934}, {"price": 4481, "isBuy": false, "qty": 7934}, {"price": 4503, "isBuy": false, "qty": 7934}], "bids": [{"price": 4240, "isBuy": true, "qty": 206}, {"price": 4106, "isBuy": true, "qty": 2051}, {"price": 4086, "isBuy": true, "qty": 2051}, {"price": 4066, "isBuy": true, "qty": 2051}], "symbol": "RUZO", "venue": "YDTMEX", "ts": "2016-04-27T23:33:32.376535505Z"}, {"ok": true, "asks": [{"price": 4369, "isBuy": false, "qty": 421}, {"price": 4394, "isBuy": false, "qty": 421}, {"price": 4459, "isBuy": false, "qty": 7934}, {"price": 4481, "isBuy": false, "qty": 7934}, {"price": 4503, "isBuy": false, "qty": 7934}], "bids": [{"price": 4240, "isBuy": true, "qty": 206}, {"price": 4188, "isBuy": true, "qty": 577}, {"price": 4106, "isBuy": true, "qty": 2051}, {"price": 4086, "isBuy": true, "qty": 2051}, {"price": 4066, "isBuy": true, "qty": 2051}], "symbol": "RUZO", "venue": "YDTMEX", "ts": "2016-04-27T23:33:33.374618807Z"}, {"ok": true, "asks": [{"price": 4241, "isBuy": false, "qty": 129}, {"price": 4347, "isBuy": false, "qty": 7948}, {"price": 4368, "isBuy": false, "qty": 7948}, {"price": 4389, "isBuy": false, "qty": 7948}, {"price": 4394, "isBuy": false, "qty": 90}], "bids": null, "symbol": "RUZO", "venue": "YDTMEX", "ts": "2016-04-27T23:33:35.646721476Z"}, {"ok": true, "asks": [{"price": 4347, "isBuy": false, "qty": 7948}, {"price": 4368, "isBuy": false, "qty": 7948}, {"price": 4389, "isBuy": false, "qty": 7948}, {"price": 4394, "isBuy": false, "qty": 90}], "bids": [{"price": 4271, "isBuy": true, "qty": 536}], "symbol": "RUZO", "venue": "YDTMEX", "ts": "2016-04-27T23:33:36.542684103Z"}, {"ok": true, "asks": [{"price": 4347, "isBuy": false, "qty": 7948}, {"price": 4368, "isBuy": false, "qty": 7948}, {"price": 4389, "isBuy": false, "qty": 7948}, {"price": 4394, "isBuy": false, "qty": 90}], "bids": [{"price": 4271, "isBuy": true, "qty": 536}], "symbol": "RUZO", "venue": "YDTMEX", "ts": "2016-04-27T23:33:38.909864352Z"}, {"ok": true, "asks": [{"price": 4347, "isBuy": false, "qty": 7948}, {"price": 4368, "isBuy": false, "qty": 7948}, {"price": 4389, "isBuy": false, "qty": 7948}, {"price": 4394, "isBuy": false, "qty": 90}], "bids": [{"price": 4271, "isBuy": true, "qty": 536}], "symbol": "RUZO", "venue": "YDTMEX", "ts": "2016-04-27T23:33:39.007767626Z"}, {"ok": true, "asks": [{"price": 4339, "isBuy": false, "qty": 7881}, {"price": 4360, "isBuy": false, "qty": 7881}, {"price": 4381, "isBuy": false, "qty": 7881}, {"price": 4394, "isBuy": false, "qty": 90}], "bids": null, "symbol": "RUZO", "venue": "YDTMEX", "ts": "2016-04-27T23:33:39.411656553Z"}, {"ok": true, "asks": [{"price": 4339, "isBuy": false, "qty": 7881}, {"price": 4360, "isBuy": false, "qty": 7881}, {"price": 4381, "isBuy": false, "qty": 7881}, {"price": 4394, "isBuy": false, "qty": 90}], "bids": null, "symbol": "RUZO", "venue": "YDTMEX", "ts": "2016-04-27T23:33:42.377874605Z"}, {"ok": true, "asks": [{"price": 4339, "isBuy": false, "qty": 7881}, {"price": 4360, "isBuy": false, "qty": 7881}, {"price": 4381, "isBuy": false, "qty": 7881}, {"price": 4394, "isBuy": false, "qty": 90}], "bids": null, "symbol": "RUZO", "venue": "YDTMEX", "ts": "2016-04-27T23:33:42.664520123Z"}, {"ok": true, "asks": [{"price": 4382, "isBuy": false, "qty": 7847}, {"price": 4394, "isBuy": false, "qty": 90}, {"price": 4403, "isBuy": false, "qty": 7847}, {"price": 4424, "isBuy": false, "qty": 7847}], "bids": null, "symbol": "RUZO", "venue": "YDTMEX", "ts": "2016-04-27T23:33:45.706917647Z"}, {"ok": true, "asks": [{"price": 4272, "isBuy": false, "qty": 621}, {"price": 4382, "isBuy": false, "qty": 7847}, {"price": 4394, "isBuy": false, "qty": 90}, {"price": 4403, "isBuy": false, "qty": 7847}, {"price": 4424, "isBuy": false, "qty": 7847}], "bids": null, "symbol": "RUZO", "venue": "YDTMEX", "ts": "2016-04-27T23:33:46.279103735Z"}, {"ok": true, "asks": [{"price": 4272, "isBuy": false, "qty": 621}, {"price": 4382, "isBuy": false, "qty": 7847}, {"price": 4394, "isBuy": false, "qty": 90}, {"price": 4403, "isBuy": false, "qty": 7847}, {"price": 4424, "isBuy": false, "qty": 7847}], "bids": null, "symbol": "RUZO", "venue": "YDTMEX", "ts": "2016-04-27T23:33:49.033364375Z"}, {"ok": true, "asks": [{"price": 4394, "isBuy": false, "qty": 90}], "bids": [{"price": 4359, "isBuy": true, "qty": 234}, {"price": 4315, "isBuy": true, "qty": 444}], "symbol": "RUZO", "venue": "YDTMEX", "ts": "2016-04-27T23:33:49.133341244Z"}, {"ok": true, "asks": [{"price": 4477, "isBuy": false, "qty": 8100}, {"price": 4499, "isBuy": false, "qty": 8100}, {"price": 4521, "isBuy": false, "qty": 8100}], "bids": null, "symbol": "RUZO", "venue": "YDTMEX", "ts": "2016-04-27T23:33:49.657739284Z"}, {"ok": true, "asks": [{"price": 4477, "isBuy": false, "qty": 8100}, {"price": 4499, "isBuy": false, "qty": 8100}, {"price": 4521, "isBuy": false, "qty": 8100}], "bids": null, "symbol": "RUZO", "venue": "YDTMEX", "ts": "2016-04-27T23:33:52.55707419Z"}, {"ok": true, "asks": [{"price": 4312, "isBuy": false, "qty": 7810}, {"price": 4333, "isBuy": false, "qty": 8044}, {"price": 4354, "isBuy": false, "qty": 8044}], "bids": [{"price": 4260, "isBuy": true, "qty": 242}, {"price": 4131, "isBuy": true, "qty": 1955}, {"price": 4111, "isBuy": true, "qty": 1955}, {"price": 4091, "isBuy": true, "qty": 1955}], "symbol": "RUZO", "venue": "YDTMEX", "ts": "2016-04-27T23:33:55.804130144Z"}, {"ok": true, "asks": [{"price": 4246, "isBuy": false, "qty": 382}, {"price": 4269, "isBuy": false, "qty": 7893}, {"price": 4290, "isBuy": false, "qty": 7893}, {"price": 4311, "isBuy": false, "qty": 7893}], "bids": [{"price": 4227, "isBuy": true, "qty": 2054}, {"price": 4206, "isBuy": true, "qty": 2054}, {"price": 4185, "isBuy": true, "qty": 2054}], "symbol": "RUZO", "venue": "YDTMEX", "ts": "2016-04-27T23:33:59.695393101Z"}, {"ok": true, "asks": [{"price": 4269, "isBuy": false, "qty": 7876}, {"price": 4290, "isBuy": false, "qty": 7893}, {"price": 4311, "isBuy": false, "qty": 7893}], "bids": [{"price": 4227, "isBuy": true, "qty": 2054}, {"price": 4206, "isBuy": true, "qty": 2054}, {"price": 4185, "isBuy": true, "qty": 2054}], "symbol": "RUZO", "venue": "YDTMEX", "ts": "2016-04-27T23:34:02.384329694Z"}, {"ok": true, "asks": [{"price": 4183, "isBuy": false, "qty": 608}], "bids": [{"price": 4178, "isBuy": true, "qty": 2014}, {"price": 4158, "isBuy": true, "qty": 2014}, {"price": 4138, "isBuy": true, "qty": 2014}], "symbol": "RUZO", "venue": "YDTMEX", "ts": "2016-04-27T23:34:04.858449145Z"}, {"ok": true, "asks": [{"price": 4183, "isBuy": false, "qty": 217}], "bids": [{"price": 4178, "isBuy": true, "qty": 2014}, {"price": 4158, "isBuy": true, "qty": 2014}, {"price": 4138, "isBuy": true, "qty": 2014}], "symbol": "RUZO", "venue": "YDTMEX", "ts": "2016-04-27T23:34:05.700823716Z"}, {"ok": true, "asks": null, "bids": [{"price": 4178, "isBuy": true, "qty": 2014}, {"price": 4158, "isBuy": true, "qty": 2014}, {"price": 4138, "isBuy": true, "qty": 2014}], "symbol": "RUZO", "venue": "YDTMEX", "ts": "2016-04-27T23:34:06.439175308Z"}, {"ok": true, "asks": [{"price": 4537, "isBuy": false, "qty": 7693}, {"price": 4559, "isBuy": false, "qty": 7869}, {"price": 4581, "isBuy": false, "qty": 7869}], "bids": [{"price": 4493, "isBuy": true, "qty": 2130}, {"price": 4471, "isBuy": true, "qty": 2130}, {"price": 4449, "isBuy": true, "qty": 2130}, {"price": 4241, "isBuy": true, "qty": 391}], "symbol": "RUZO", "venue": "YDTMEX", "ts": "2016-04-27T23:34:09.163112165Z"}, {"ok": true, "asks": [{"price": 4537, "isBuy": false, "qty": 8112}, {"price": 4559, "isBuy": false, "qty": 7886}, {"price": 4581, "isBuy": false, "qty": 7886}], "bids": [{"price": 4471, "isBuy": true, "qty": 1887}, {"price": 4449, "isBuy": true, "qty": 1887}, {"price": 4241, "isBuy": true, "qty": 391}], "symbol": "RUZO", "venue": "YDTMEX", "ts": "2016-04-27T23:34:09.326215223Z"}, {"ok": true, "asks": [{"price": 4537, "isBuy": false, "qty": 8112}, {"price": 4559, "isBuy": false, "qty": 7886}, {"price": 4581, "isBuy": false, "qty": 7886}], "bids": [{"price": 4471, "isBuy": true, "qty": 1279}, {"price": 4449, "isBuy": true, "qty": 1887}, {"price": 4241, "isBuy": true, "qty": 391}], "symbol": "RUZO", "venue": "YDTMEX", "ts": "2016-04-27T23:34:12.572940019Z"}, {"ok": true, "asks": [{"price": 4537, "isBuy": false, "qty": 8112}, {"price": 4559, "isBuy": false, "qty": 7886}, {"price": 4581, "isBuy": false, "qty": 7886}], "bids": [{"price": 4471, "isBuy": true, "qty": 1279}, {"price": 4449, "isBuy": true, "qty": 1887}, {"price": 4241, "isBuy": true, "qty": 391}], "symbol": "RUZO", "venue": "YDTMEX", "ts": "2016-04-27T23:34:12.721093046Z"}, {"ok": true, "asks": [{"price": 4467, "isBuy": false, "qty": 304}], "bids": [{"price": 4298, "isBuy": true, "qty": 1809}, {"price": 4277, "isBuy": true, "qty": 1809}, {"price": 4256, "isBuy": true, "qty": 1809}, {"price": 4241, "isBuy": true, "qty": 391}], "symbol": "RUZO", "venue": "YDTMEX", "ts": "2016-04-27T23:34:15.896905768Z"}, {"ok": true, "asks": [{"price": 4467, "isBuy": false, "qty": 304}], "bids": [{"price": 4298, "isBuy": true, "qty": 1809}, {"price": 4277, "isBuy": true, "qty": 1809}, {"price": 4256, "isBuy": true, "qty": 1809}, {"price": 4241, "isBuy": true, "qty": 391}], "symbol": "RUZO", "venue": "YDTMEX", "ts": "2016-04-27T23:34:15.990714299Z"}, {"ok": true, "asks": null, "bids": [{"price": 4298, "isBuy": true, "qty": 1809}, {"price": 4277, "isBuy": true, "qty": 1809}, {"price": 4256, "isBuy": true, "qty": 1809}, {"price": 4241, "isBuy": true, "qty": 391}], "symbol": "RUZO", "venue": "YDTMEX", "ts": "2016-04-27T23:34:16.100784222Z"}, {"ok": true, "asks": null, "bids": [{"price": 4298, "isBuy": true, "qty": 1809}, {"price": 4277, "isBuy": true, "qty": 1809}, {"price": 4256, "isBuy": true, "qty": 1809}, {"price": 4241, "isBuy": true, "qty": 391}], "symbol": "RUZO", "venue": "YDTMEX", "ts": "2016-04-27T23:34:19.030234212Z"}, {"ok": true, "asks": [{"price": 4426, "isBuy": false, "qty": 7995}, {"price": 4448, "isBuy": false, "qty": 8280}, {"price": 4470, "isBuy": false, "qty": 8280}], "bids": [{"price": 4404, "isBuy": true, "qty": 473}, {"price": 4359, "isBuy": true, "qty": 1719}, {"price": 4338, "isBuy": true, "qty": 1719}, {"price": 4317, "isBuy": true, "qty": 1719}, {"price": 4241, "isBuy": true, "qty": 391}], "symbol": "RUZO", "venue": "YDTMEX", "ts": "2016-04-27T23:34:19.411543672Z"}, {"ok": true, "asks": [{"price": 4426, "isBuy": false, "qty": 7995}, {"price": 4448, "isBuy": false, "qty": 8280}, {"price": 4470, "isBuy": false, "qty": 8280}], "bids": [{"price": 4404, "isBuy": true, "qty": 473}, {"price": 4359, "isBuy": true, "qty": 1719}, {"price": 4338, "isBuy": true, "qty": 1719}, {"price": 4317, "isBuy": true, "qty": 1719}, {"price": 4241, "isBuy": true, "qty": 391}], "symbol": "RUZO", "venue": "YDTMEX", "ts": "2016-04-27T23:34:22.468424633Z"}, {"ok": true, "asks": [{"price": 4426, "isBuy": false, "qty": 7995}, {"price": 4448, "isBuy": false, "qty": 8280}, {"price": 4470, "isBuy": false, "qty": 8280}], "bids": [{"price": 4404, "isBuy": true, "qty": 473}, {"price": 4359, "isBuy": true, "qty": 1719}, {"price": 4338, "isBuy": true, "qty": 1719}, {"price": 4317, "isBuy": true, "qty": 1719}, {"price": 4241, "isBuy": true, "qty": 391}], "symbol": "RUZO", "venue": "YDTMEX", "ts": "2016-04-27T23:34:22.781662728Z"}, {"ok": true, "asks": [{"price": 4359, "isBuy": false, "qty": 304}, {"price": 4505, "isBuy": false, "qty": 8321}, {"price": 4527, "isBuy": false, "qty": 8321}, {"price": 4549, "isBuy": false, "qty": 8321}], "bids": [{"price": 4241, "isBuy": true, "qty": 391}], "symbol": "RUZO", "venue": "YDTMEX", "ts": "2016-04-27T23:34:26.258779077Z"}, {"ok": true, "asks": [{"price": 4359, "isBuy": false, "qty": 304}, {"price": 4505, "isBuy": false, "qty": 8321}, {"price": 4527, "isBuy": false, "qty": 8321}, {"price": 4549, "isBuy": false, "qty": 8321}], "bids": [{"price": 4241, "isBuy": true, "qty": 391}], "symbol": "RUZO", "venue": "YDTMEX", "ts": "2016-04-27T23:34:26.362786067Z"}, {"ok": true, "asks": [{"price": 4359, "isBuy": false, "qty": 304}, {"price": 4505, "isBuy": false, "qty": 8321}, {"price": 4527, "isBuy": false, "qty": 8321}, {"price": 4549, "isBuy": false, "qty": 8321}], "bids": null, "symbol": "RUZO", "venue": "YDTMEX", "ts": "2016-04-27T23:34:26.608008533Z"}, {"ok": true, "asks": [{"price": 4477, "isBuy": false, "qty": 8252}, {"price": 4499, "isBuy": false, "qty": 8252}, {"price": 4521, "isBuy": false, "qty": 8252}], "bids": [{"price": 4396, "isBuy": true, "qty": 504}, {"price": 4332, "isBuy": true, "qty": 1599}, {"price": 4311, "isBuy": true, "qty": 1599}, {"price": 4290, "isBuy": true, "qty": 1599}], "symbol": "RUZO", "venue": "YDTMEX", "ts": "2016-04-27T23:34:29.397915293Z"}, {"ok": true, "asks": [{"price": 4477, "isBuy": false, "qty": 8252}, {"price": 4499, "isBuy": false, "qty": 8252}, {"price": 4521, "isBuy": false, "qty": 8252}], "bids": [{"price": 4396, "isBuy": true, "qty": 504}, {"price": 4332, "isBuy": true, "qty": 1599}, {"price": 4311, "isBuy": true, "qty": 1599}, {"price": 4290, "isBuy": true, "qty": 1599}], "symbol": "RUZO", "venue": "YDTMEX", "ts": "2016-04-27T23:34:32.34334615Z"}, {"ok": true, "asks": null, "bids": [{"price": 4254, "isBuy": true, "qty": 1677}, {"price": 4233, "isBuy": true, "qty": 1677}, {"price": 4212, "isBuy": true, "qty": 1677}], "symbol": "RUZO", "venue": "YDTMEX", "ts": "2016-04-27T23:34:35.632767988Z"}, {"ok": true, "asks": null, "bids": [{"price": 4272, "isBuy": true, "qty": 1791}, {"price": 4251, "isBuy": true, "qty": 1791}, {"price": 4230, "isBuy": true, "qty": 1791}], "symbol": "RUZO", "venue": "YDTMEX", "ts": "2016-04-27T23:34:39.240617114Z"}, {"ok": true, "asks": null, "bids": [{"price": 4336, "isBuy": true, "qty": 423}, {"price": 4272, "isBuy": true, "qty": 1791}, {"price": 4251, "isBuy": true, "qty": 1791}, {"price": 4230, "isBuy": true, "qty": 1791}], "symbol": "RUZO", "venue": "YDTMEX", "ts": "2016-04-27T23:34:42.525151493Z"}, {"ok": true, "asks": null, "bids": [{"price": 4336, "isBuy": true, "qty": 423}, {"price": 4272, "isBuy": true, "qty": 1791}, {"price": 4251, "isBuy": true, "qty": 1791}, {"price": 4230, "isBuy": true, "qty": 1791}], "symbol": "RUZO", "venue": "YDTMEX", "ts": "2016-04-27T23:34:43.171128466Z"}, {"ok": true, "asks": [{"price": 4552, "isBuy": false, "qty": 8389}, {"price": 4574, "isBuy": false, "qty": 8185}, {"price": 4596, "isBuy": false, "qty": 8185}], "bids": [{"price": 4486, "isBuy": true, "qty": 1610}, {"price": 4464, "isBuy": true, "qty": 1610}, {"price": 4336, "isBuy": true, "qty": 423}], "symbol": "RUZO", "venue": "YDTMEX", "ts": "2016-04-27T23:34:45.447134724Z"}, {"ok": true, "asks": [{"price": 4552, "isBuy": false, "qty": 8389}, {"price": 4574, "isBuy": false, "qty": 8185}, {"price": 4596, "isBuy": false, "qty": 8185}], "bids": [{"price": 4486, "isBuy": true, "qty": 1610}, {"price": 4464, "isBuy": true, "qty": 1610}, {"price": 4336, "isBuy": true, "qty": 423}], "symbol": "RUZO", "venue": "YDTMEX", "ts": "2016-04-27T23:34:46.453681292Z"}, {"ok": true, "asks": [{"price": 4552, "isBuy": false, "qty": 8389}, {"price": 4574, "isBuy": false, "qty": 8185}, {"price": 4596, "isBuy": false, "qty": 8185}], "bids": [{"price": 4486, "isBuy": true, "qty": 1035}, {"price": 4464, "isBuy": true, "qty": 1610}, {"price": 4336, "isBuy": true, "qty": 423}], "symbol": "RUZO", "venue": "YDTMEX", "ts": "2016-04-27T23:34:48.957110209Z"}, {"ok": true, "asks": [{"price": 4482, "isBuy": false, "qty": 499}], "bids": [{"price": 4251, "isBuy": true, "qty": 1402}, {"price": 4230, "isBuy": true, "qty": 1402}, {"price": 4209, "isBuy": true, "qty": 1402}], "symbol": "RUZO", "venue": "YDTMEX", "ts": "2016-04-27T23:34:52.326203071Z"}, {"ok": true, "asks": [{"price": 4482, "isBuy": false, "qty": 499}], "bids": [{"price": 4251, "isBuy": true, "qty": 1402}, {"price": 4230, "isBuy": true, "qty": 1402}, {"price": 4209, "isBuy": true, "qty": 1402}], "symbol": "RUZO", "venue": "YDTMEX", "ts": "2016-04-27T23:34:52.916762466Z"}, {"ok": true, "asks": [{"price": 4401, "isBuy": false, "qty": 8515}, {"price": 4422, "isBuy": false, "qty": 8515}, {"price": 4443, "isBuy": false, "qty": 8515}], "bids": [{"price": 4314, "isBuy": true, "qty": 499}, {"price": 4216, "isBuy": true, "qty": 1484}, {"price": 4195, "isBuy": true, "qty": 1484}, {"price": 4174, "isBuy": true, "qty": 1484}], "symbol": "RUZO", "venue": "YDTMEX", "ts": "2016-04-27T23:34:55.669810925Z"}, {"ok": true, "asks": [{"price": 4401, "isBuy": false, "qty": 8515}, {"price": 4422, "isBuy": false, "qty": 8515}, {"price": 4443, "isBuy": false, "qty": 8515}], "bids": [{"price": 4314, "isBuy": true, "qty": 499}, {"price": 4216, "isBuy": true, "qty": 1484}, {"price": 4195, "isBuy": true, "qty": 1484}, {"price": 4174, "isBuy": true, "qty": 1484}], "symbol": "RUZO", "venue": "YDTMEX", "ts": "2016-04-27T23:34:56.29600639Z"}, {"ok": true, "asks": null, "bids": [{"price": 4314, "isBuy": true, "qty": 254}, {"price": 4300, "isBuy": true, "qty": 250}], "symbol": "RUZO", "venue": "YDTMEX", "ts": "2016-04-27T23:34:59.201590695Z"}, {"ok": true, "asks": [{"price": 4580, "isBuy": false, "qty": 57}, {"price": 4602, "isBuy": false, "qty": 57}, {"price": 4624, "isBuy": false, "qty": 57}], "bids": [{"price": 4514, "isBuy": true, "qty": 1689}, {"price": 4492, "isBuy": true, "qty": 1689}, {"price": 4314, "isBuy": true, "qty": 254}, {"price": 4300, "isBuy": true, "qty": 250}], "symbol": "RUZO", "venue": "YDTMEX", "ts": "2016-04-27T23:34:59.578733095Z"}, {"ok": true, "asks": [{"price": 4580, "isBuy": false, "qty": 57}, {"price": 4602, "isBuy": false, "qty": 57}, {"price": 4624, "isBuy": false, "qty": 57}], "bids": [{"price": 4536, "isBuy": true, "qty": 1440}, {"price": 4514, "isBuy": true, "qty": 1689}, {"price": 4492, "isBuy": true, "qty": 1689}, {"price": 4314, "isBuy": true, "qty": 254}, {"price": 4300, "isBuy": true, "qty": 250}], "symbol": "RUZO", "venue": "YDTMEX", "ts": "2016-04-27T23:34:59.66956747Z"}, {"ok": true, "asks": [{"price": 4580, "isBuy": false, "qty": 8278}, {"price": 4602, "isBuy": false, "qty": 8278}, {"price": 4624, "isBuy": false, "qty": 8278}], "bids": [{"price": 4386, "isBuy": true, "qty": 374}, {"price": 4314, "isBuy": true, "qty": 254}, {"price": 4300, "isBuy": true, "qty": 250}], "symbol": "RUZO", "venue": "YDTMEX", "ts": "2016-04-27T23:35:02.159851165Z"}, {"ok": true, "asks": [{"price": 4580, "isBuy": false, "qty": 8278}, {"price": 4602, "isBuy": false, "qty": 8278}, {"price": 4624, "isBuy": false, "qty": 8278}], "bids": [{"price": 4386, "isBuy": true, "qty": 374}, {"price": 4314, "isBuy": true, "qty": 254}, {"price": 4300, "isBuy": true, "qty": 250}], "symbol": "RUZO", "venue": "YDTMEX", "ts": "2016-04-27T23:35:02.995867362Z"}, {"ok": true, "asks": [{"price": 4580, "isBuy": false, "qty": 8278}, {"price": 4602, "isBuy": false, "qty": 8278}, {"price": 4624, "isBuy": false, "qty": 8278}], "bids": [{"price": 4386, "isBuy": true, "qty": 374}, {"price": 4314, "isBuy": true, "qty": 254}, {"price": 4300, "isBuy": true, "qty": 250}], "symbol": "RUZO", "venue": "YDTMEX", "ts": "2016-04-27T23:35:03.106108033Z"}, {"ok": true, "asks": [{"price": 4580, "isBuy": false, "qty": 8278}, {"price": 4602, "isBuy": false, "qty": 8278}, {"price": 4624, "isBuy": false, "qty": 8278}], "bids": [{"price": 4386, "isBuy": true, "qty": 374}, {"price": 4314, "isBuy": true, "qty": 254}, {"price": 4300, "isBuy": true, "qty": 250}], "symbol": "RUZO", "venue": "YDTMEX", "ts": "2016-04-27T23:35:03.204736315Z"}, {"ok": true, "asks": [{"price": 4299, "isBuy": false, "qty": 8239}, {"price": 4320, "isBuy": false, "qty": 8239}, {"price": 4341, "isBuy": false, "qty": 8239}, {"price": 4509, "isBuy": false, "qty": 811}], "bids": [{"price": 4257, "isBuy": true, "qty": 1664}, {"price": 4236, "isBuy": true, "qty": 1664}, {"price": 4215, "isBuy": true, "qty": 1664}], "symbol": "RUZO", "venue": "YDTMEX", "ts": "2016-04-27T23:35:05.45566013Z"}, {"ok": true, "asks": [{"price": 4299, "isBuy": false, "qty": 8239}, {"price": 4320, "isBuy": false, "qty": 8239}, {"price": 4341, "isBuy": false, "qty": 8239}, {"price": 4509, "isBuy": false, "qty": 811}], "bids": [{"price": 4257, "isBuy": true, "qty": 1664}, {"price": 4236, "isBuy": true, "qty": 1664}, {"price": 4215, "isBuy": true, "qty": 1664}], "symbol": "RUZO", "venue": "YDTMEX", "ts": "2016-04-27T23:35:06.478764908Z"}, {"ok": true, "asks": [{"price": 4299, "isBuy": false, "qty": 8239}, {"price": 4320, "isBuy": false, "qty": 8239}, {"price": 4341, "isBuy": false, "qty": 8239}, {"price": 4509, "isBuy": false, "qty": 811}], "bids": [{"price": 4257, "isBuy": true, "qty": 1664}, {"price": 4236, "isBuy": true, "qty": 1664}, {"price": 4215, "isBuy": true, "qty": 1664}], "symbol": "RUZO", "venue": "YDTMEX", "ts": "2016-04-27T23:35:08.567630916Z"}, {"ok": true, "asks": [{"price": 4570, "isBuy": false, "qty": 8305}, {"price": 4592, "isBuy": false, "qty": 8305}, {"price": 4614, "isBuy": false, "qty": 8305}], "bids": [{"price": 4320, "isBuy": true, "qty": 593}], "symbol": "RUZO", "venue": "YDTMEX", "ts": "2016-04-27T23:35:12.137568848Z"}, {"ok": true, "asks": [{"price": 4570, "isBuy": false, "qty": 8305}, {"price": 4592, "isBuy": false, "qty": 8305}, {"price": 4614, "isBuy": false, "qty": 8305}], "bids": [{"price": 4320, "isBuy": true, "qty": 593}], "symbol": "RUZO", "venue": "YDTMEX", "ts": "2016-04-27T23:35:12.993975238Z"}, {"ok": true, "asks": [{"price": 4251, "isBuy": false, "qty": 252}, {"price": 4259, "isBuy": false, "qty": 96}, {"price": 4270, "isBuy": false, "qty": 337}, {"price": 4314, "isBuy": false, "qty": 8219}, {"price": 4335, "isBuy": false, "qty": 8219}, {"price": 4356, "isBuy": false, "qty": 8219}, {"price": 4447, "isBuy": false, "qty": 14}, {"price": 4500, "isBuy": false, "qty": 406}, {"price": 4548, "isBuy": false, "qty": 9}], "bids": [{"price": 4238, "isBuy": true, "qty": 1780}, {"price": 4217, "isBuy": true, "qty": 1780}, {"price": 4196, "isBuy": true, "qty": 1780}], "symbol": "RUZO", "venue": "YDTMEX", "ts": "2016-04-27T23:35:15.523503464Z"}, {"ok": true, "asks": [{"price": 4251, "isBuy": false, "qty": 252}, {"price": 4259, "isBuy": false, "qty": 96}, {"price": 4270, "isBuy": false, "qty": 337}, {"price": 4314, "isBuy": false, "qty": 8219}, {"price": 4335, "isBuy": false, "qty": 8219}, {"price": 4356, "isBuy": false, "qty": 8219}, {"price": 4447, "isBuy": false, "qty": 14}, {"price": 4500, "isBuy": false, "qty": 406}, {"price": 4548, "isBuy": false, "qty": 9}], "bids": [{"price": 4238, "isBuy": true, "qty": 1780}, {"price": 4217, "isBuy": true, "qty": 1780}, {"price": 4196, "isBuy": true, "qty": 1780}], "symbol": "RUZO", "venue": "YDTMEX", "ts": "2016-04-27T23:35:16.400355401Z"}, {"ok": true, "asks": [{"price": 4270, "isBuy": false, "qty": 92}, {"price": 4314, "isBuy": false, "qty": 8219}, {"price": 4335, "isBuy": false, "qty": 8219}, {"price": 4356, "isBuy": false, "qty": 8219}, {"price": 4447, "isBuy": false, "qty": 14}, {"price": 4500, "isBuy": false, "qty": 406}, {"price": 4548, "isBuy": false, "qty": 9}], "bids": [{"price": 4238, "isBuy": true, "qty": 1780}, {"price": 4217, "isBuy": true, "qty": 1780}, {"price": 4196, "isBuy": true, "qty": 1780}], "symbol": "RUZO", "venue": "YDTMEX", "ts": "2016-04-27T23:35:18.818338853Z"}, {"ok": true, "asks": [{"price": 4284, "isBuy": false, "qty": 8054}, {"price": 4305, "isBuy": false, "qty": 8054}, {"price": 4326, "isBuy": false, "qty": 8054}, {"price": 4500, "isBuy": false, "qty": 406}], "bids": [{"price": 4242, "isBuy": true, "qty": 1817}, {"price": 4221, "isBuy": true, "qty": 1817}, {"price": 4200, "isBuy": true, "qty": 1817}], "symbol": "RUZO", "venue": "YDTMEX", "ts": "2016-04-27T23:35:19.715276597Z"}, {"ok": true, "asks": [{"price": 4284, "isBuy": false, "qty": 7758}, {"price": 4305, "isBuy": false, "qty": 8054}, {"price": 4326, "isBuy": false, "qty": 8054}, {"price": 4500, "isBuy": false, "qty": 406}], "bids": [{"price": 4242, "isBuy": true, "qty": 1817}, {"price": 4221, "isBuy": true, "qty": 1817}, {"price": 4200, "isBuy": true, "qty": 1817}], "symbol": "RUZO", "venue": "YDTMEX", "ts": "2016-04-27T23:35:22.186802671Z"}, {"ok": true, "asks": [{"price": 4284, "isBuy": false, "qty": 7758}, {"price": 4305, "isBuy": false, "qty": 8054}, {"price": 4326, "isBuy": false, "qty": 8054}, {"price": 4500, "isBuy": false, "qty": 406}], "bids": [{"price": 4242, "isBuy": true, "qty": 1817}, {"price": 4221, "isBuy": true, "qty": 1817}, {"price": 4200, "isBuy": true, "qty": 1817}], "symbol": "RUZO", "venue": "YDTMEX", "ts": "2016-04-27T23:35:23.063022215Z"}, {"ok": true, "asks": [{"price": 4500, "isBuy": false, "qty": 406}], "bids": [{"price": 4212, "isBuy": true, "qty": 2018}, {"price": 4191, "isBuy": true, "qty": 2018}, {"price": 4170, "isBuy": true, "qty": 2018}], "symbol": "RUZO", "venue": "YDTMEX", "ts": "2016-04-27T23:35:25.081361607Z"}, {"ok": true, "asks": [{"price": 4500, "isBuy": false, "qty": 233}, {"price": 4566, "isBuy": false, "qty": 7769}, {"price": 4588, "isBuy": false, "qty": 7769}, {"price": 4610, "isBuy": false, "qty": 7769}], "bids": [{"price": 4478, "isBuy": true, "qty": 2230}, {"price": 4456, "isBuy": true, "qty": 2230}, {"price": 4434, "isBuy": true, "qty": 2230}], "symbol": "RUZO", "venue": "YDTMEX", "ts": "2016-04-27T23:35:31.111565335Z"}, {"ok": true, "asks": [{"price": 4176, "isBuy": false, "qty": 106}, {"price": 4182, "isBuy": false, "qty": 176}, {"price": 4217, "isBuy": false, "qty": 474}, {"price": 4220, "isBuy": false, "qty": 415}, {"price": 4257, "isBuy": false, "qty": 316}, {"price": 4374, "isBuy": false, "qty": 488}, {"price": 4400, "isBuy": false, "qty": 365}, {"price": 4500, "isBuy": false, "qty": 233}, {"price": 4566, "isBuy": false, "qty": 7769}, {"price": 4588, "isBuy": false, "qty": 7769}, {"price": 4610, "isBuy": false, "qty": 7769}], "bids": [{"price": 4136, "isBuy": true, "qty": 2230}, {"price": 4116, "isBuy": true, "qty": 2230}], "symbol": "RUZO", "venue": "YDTMEX", "ts": "2016-04-27T23:35:31.357619341Z"}, {"ok": true, "asks": [{"price": 4474, "isBuy": false, "qty": 7686}, {"price": 4496, "isBuy": false, "qty": 7686}, {"price": 4500, "isBuy": false, "qty": 233}, {"price": 4518, "isBuy": false, "qty": 7686}], "bids": null, "symbol": "RUZO", "venue": "YDTMEX", "ts": "2016-04-27T23:35:34.423952634Z"}, {"ok": true, "asks": [{"price": 4474, "isBuy": false, "qty": 7686}, {"price": 4496, "isBuy": false, "qty": 7686}, {"price": 4500, "isBuy": false, "qty": 233}, {"price": 4518, "isBuy": false, "qty": 7686}], "bids": null, "symbol": "RUZO", "venue": "YDTMEX", "ts": "2016-04-27T23:35:34.602190223Z"}, {"ok": true, "asks": [{"price": 4474, "isBuy": false, "qty": 7686}, {"price": 4496, "isBuy": false, "qty": 7686}, {"price": 4500, "isBuy": false, "qty": 233}, {"price": 4518, "isBuy": false, "qty": 7686}], "bids": null, "symbol": "RUZO", "venue": "YDTMEX", "ts": "2016-04-27T23:35:37.766417638Z"}, {"ok": true, "asks": [{"price": 4406, "isBuy": false, "qty": 647}, {"price": 4474, "isBuy": false, "qty": 7686}, {"price": 4496, "isBuy": false, "qty": 7686}, {"price": 4500, "isBuy": false, "qty": 233}, {"price": 4518, "isBuy": false, "qty": 7686}], "bids": null, "symbol": "RUZO", "venue": "YDTMEX", "ts": "2016-04-27T23:35:38.285955702Z"}, {"ok": true, "asks": [{"price": 4328, "isBuy": false, "qty": 7660}, {"price": 4349, "isBuy": false, "qty": 7660}, {"price": 4370, "isBuy": false, "qty": 7660}, {"price": 4500, "isBuy": false, "qty": 233}], "bids": [{"price": 4203, "isBuy": true, "qty": 2315}, {"price": 4182, "isBuy": true, "qty": 2315}, {"price": 4161, "isBuy": true, "qty": 2315}], "symbol": "RUZO", "venue": "YDTMEX", "ts": "2016-04-27T23:35:41.112643226Z"}, {"ok": true, "asks": [{"price": 4328, "isBuy": false, "qty": 7660}, {"price": 4349, "isBuy": false, "qty": 7660}, {"price": 4370, "isBuy": false, "qty": 7660}, {"price": 4384, "isBuy": false, "qty": 324}, {"price": 4500, "isBuy": false, "qty": 233}], "bids": [{"price": 4203, "isBuy": true, "qty": 2315}, {"price": 4182, "isBuy": true, "qty": 2315}, {"price": 4161, "isBuy": true, "qty": 2315}], "symbol": "RUZO", "venue": "YDTMEX", "ts": "2016-04-27T23:35:41.526179415Z"}, {"ok": true, "asks": [{"price": 4250, "isBuy": false, "qty": 7519}, {"price": 4271, "isBuy": false, "qty": 7519}, {"price": 4278, "isBuy": false, "qty": 624}, {"price": 4292, "isBuy": false, "qty": 7519}, {"price": 4384, "isBuy": false, "qty": 324}, {"price": 4500, "isBuy": false, "qty": 233}], "bids": [{"price": 4208, "isBuy": true, "qty": 2443}, {"price": 4187, "isBuy": true, "qty": 2443}, {"price": 4166, "isBuy": true, "qty": 2443}], "symbol": "RUZO", "venue": "YDTMEX", "ts": "2016-04-27T23:35:44.536670453Z"}, {"ok": true, "asks": [{"price": 4250, "isBuy": false, "qty": 6961}, {"price": 4271, "isBuy": false, "qty": 7519}, {"price": 4278, "isBuy": false, "qty": 624}, {"price": 4292, "isBuy": false, "qty": 7519}, {"price": 4384, "isBuy": false, "qty": 324}, {"price": 4500, "isBuy": false, "qty": 233}], "bids": [{"price": 4208, "isBuy": true, "qty": 2443}, {"price": 4187, "isBuy": true, "qty": 2443}, {"price": 4166, "isBuy": true, "qty": 2443}], "symbol": "RUZO", "venue": "YDTMEX", "ts": "2016-04-27T23:35:44.668438827Z"}, {"ok": true, "asks": [{"price": 4250, "isBuy": false, "qty": 6961}, {"price": 4271, "isBuy": false, "qty": 7519}, {"price": 4278, "isBuy": false, "qty": 624}, {"price": 4292, "isBuy": false, "qty": 7519}, {"price": 4384, "isBuy": false, "qty": 324}, {"price": 4500, "isBuy": false, "qty": 233}], "bids": [{"price": 4208, "isBuy": true, "qty": 2443}, {"price": 4187, "isBuy": true, "qty": 2443}, {"price": 4166, "isBuy": true, "qty": 2443}], "symbol": "RUZO", "venue": "YDTMEX", "ts": "2016-04-27T23:35:45.091835322Z"}, {"ok": true, "asks": [{"price": 4250, "isBuy": false, "qty": 6682}, {"price": 4271, "isBuy": false, "qty": 7519}, {"price": 4278, "isBuy": false, "qty": 624}, {"price": 4292, "isBuy": false, "qty": 7519}, {"price": 4384, "isBuy": false, "qty": 324}, {"price": 4500, "isBuy": false, "qty": 233}], "bids": [{"price": 4208, "isBuy": true, "qty": 2443}, {"price": 4187, "isBuy": true, "qty": 2443}, {"price": 4166, "isBuy": true, "qty": 2443}], "symbol": "RUZO", "venue": "YDTMEX", "ts": "2016-04-27T23:35:48.004912689Z"}, {"ok": true, "asks": [{"price": 4250, "isBuy": false, "qty": 6682}, {"price": 4271, "isBuy": false, "qty": 7519}, {"price": 4278, "isBuy": false, "qty": 624}, {"price": 4292, "isBuy": false, "qty": 7519}, {"price": 4384, "isBuy": false, "qty": 324}, {"price": 4500, "isBuy": false, "qty": 233}], "bids": [{"price": 4208, "isBuy": true, "qty": 2443}, {"price": 4187, "isBuy": true, "qty": 2443}, {"price": 4166, "isBuy": true, "qty": 2443}], "symbol": "RUZO", "venue": "YDTMEX", "ts": "2016-04-27T23:35:48.10171098Z"}, {"ok": true, "asks": [{"price": 4250, "isBuy": false, "qty": 6682}, {"price": 4271, "isBuy": false, "qty": 7519}, {"price": 4278, "isBuy": false, "qty": 624}, {"price": 4292, "isBuy": false, "qty": 7519}, {"price": 4384, "isBuy": false, "qty": 324}, {"price": 4500, "isBuy": false, "qty": 233}], "bids": [{"price": 4208, "isBuy": true, "qty": 2443}, {"price": 4187, "isBuy": true, "qty": 2443}, {"price": 4166, "isBuy": true, "qty": 2443}], "symbol": "RUZO", "venue": "YDTMEX", "ts": "2016-04-27T23:35:48.304112843Z"}, {"ok": true, "asks": [{"price": 4492, "isBuy": false, "qty": 7457}, {"price": 4500, "isBuy": false, "qty": 233}, {"price": 4514, "isBuy": false, "qty": 7457}, {"price": 4536, "isBuy": false, "qty": 7457}], "bids": [{"price": 4270, "isBuy": true, "qty": 302}], "symbol": "RUZO", "venue": "YDTMEX", "ts": "2016-04-27T23:35:51.42501671Z"}, {"ok": true, "asks": [{"price": 4492, "isBuy": false, "qty": 7457}, {"price": 4500, "isBuy": false, "qty": 233}, {"price": 4514, "isBuy": false, "qty": 7457}, {"price": 4536, "isBuy": false, "qty": 7457}], "bids": [{"price": 4270, "isBuy": true, "qty": 302}], "symbol": "RUZO", "venue": "YDTMEX", "ts": "2016-04-27T23:35:51.535154829Z"}, {"ok": true, "asks": [{"price": 4492, "isBuy": false, "qty": 7457}, {"price": 4500, "isBuy": false, "qty": 233}, {"price": 4514, "isBuy": false, "qty": 7457}, {"price": 4536, "isBuy": false, "qty": 7457}], "bids": [{"price": 4270, "isBuy": true, "qty": 302}], "symbol": "RUZO", "venue": "YDTMEX", "ts": "2016-04-27T23:35:51.647599578Z"}, {"ok": true, "asks": [{"price": 4410, "isBuy": false, "qty": 580}, {"price": 4500, "isBuy": false, "qty": 233}, {"price": 4537, "isBuy": false, "qty": 7577}, {"price": 4559, "isBuy": false, "qty": 7577}, {"price": 4581, "isBuy": false, "qty": 7577}], "bids": null, "symbol": "RUZO", "venue": "YDTMEX", "ts": "2016-04-27T23:35:54.968926335Z"}, {"ok": true, "asks": [{"price": 4410, "isBuy": false, "qty": 580}, {"price": 4500, "isBuy": false, "qty": 233}, {"price": 4537, "isBuy": false, "qty": 7577}, {"price": 4559, "isBuy": false, "qty": 7577}, {"price": 4581, "isBuy": false, "qty": 7577}], "bids": null, "symbol": "RUZO", "venue": "YDTMEX", "ts": "2016-04-27T23:35:55.026524762Z"}, {"ok": true, "asks": [{"price": 4410, "isBuy": false, "qty": 580}, {"price": 4500, "isBuy": false, "qty": 233}, {"price": 4537, "isBuy": false, "qty": 7577}, {"price": 4559, "isBuy": false, "qty": 7577}, {"price": 4581, "isBuy": false, "qty": 7577}], "bids": null, "symbol": "RUZO", "venue": "YDTMEX", "ts": "2016-04-27T23:35:55.126101363Z"}, {"ok": true, "asks": [{"price": 4410, "isBuy": false, "qty": 580}, {"price": 4410, "isBuy": false, "qty": 290}, {"price": 4500, "isBuy": false, "qty": 233}, {"price": 4537, "isBuy": false, "qty": 7577}, {"price": 4559, "isBuy": false, "qty": 7577}, {"price": 4581, "isBuy": false, "qty": 7577}], "bids": null, "symbol": "RUZO", "venue": "YDTMEX", "ts": "2016-04-27T23:35:58.244752134Z"}, {"ok": true, "asks": [{"price": 4410, "isBuy": false, "qty": 580}, {"price": 4410, "isBuy": false, "qty": 290}, {"price": 4500, "isBuy": false, "qty": 233}, {"price": 4537, "isBuy": false, "qty": 7577}, {"price": 4559, "isBuy": false, "qty": 7577}, {"price": 4581, "isBuy": false, "qty": 7577}], "bids": null, "symbol": "RUZO", "venue": "YDTMEX", "ts": "2016-04-27T23:35:58.509140258Z"}, {"ok": true, "asks": [{"price": 4410, "isBuy": false, "qty": 580}, {"price": 4410, "isBuy": false, "qty": 290}, {"price": 4500, "isBuy": false, "qty": 233}, {"price": 4537, "isBuy": false, "qty": 7577}, {"price": 4559, "isBuy": false, "qty": 7577}, {"price": 4581, "isBuy": false, "qty": 7577}], "bids": null, "symbol": "RUZO", "venue": "YDTMEX", "ts": "2016-04-27T23:35:58.622732454Z"}, {"ok": true, "asks": [{"price": 4410, "isBuy": false, "qty": 580}, {"price": 4410, "isBuy": false, "qty": 290}, {"price": 4500, "isBuy": false, "qty": 233}, {"price": 4537, "isBuy": false, "qty": 7577}, {"price": 4559, "isBuy": false, "qty": 7577}, {"price": 4581, "isBuy": false, "qty": 7577}], "bids": null, "symbol": "RUZO", "venue": "YDTMEX", "ts": "2016-04-27T23:35:58.739508535Z"}, {"ok": true, "asks": [{"price": 4396, "isBuy": false, "qty": 7789}, {"price": 4417, "isBuy": false, "qty": 7789}, {"price": 4438, "isBuy": false, "qty": 7789}], "bids": [{"price": 4354, "isBuy": true, "qty": 2155}, {"price": 4333, "isBuy": true, "qty": 2155}, {"price": 4312, "isBuy": true, "qty": 2155}, {"price": 4224, "isBuy": true, "qty": 80}], "symbol": "RUZO", "venue": "YDTMEX", "ts": "2016-04-27T23:36:01.315978431Z"}, {"ok": true, "asks": [{"price": 4635, "isBuy": false, "qty": 7793}, {"price": 4658, "isBuy": false, "qty": 7793}, {"price": 4681, "isBuy": false, "qty": 7793}], "bids": [{"price": 4599, "isBuy": true, "qty": 293}, {"price": 4589, "isBuy": true, "qty": 2206}, {"price": 4566, "isBuy": true, "qty": 2206}, {"price": 4543, "isBuy": true, "qty": 2206}, {"price": 4419, "isBuy": true, "qty": 853}], "symbol": "RUZO", "venue": "YDTMEX", "ts": "2016-04-27T23:36:05.00088696Z"}, {"ok": true, "asks": [{"price": 4635, "isBuy": false, "qty": 7793}, {"price": 4658, "isBuy": false, "qty": 7793}, {"price": 4681, "isBuy": false, "qty": 7793}], "bids": [{"price": 4599, "isBuy": true, "qty": 293}, {"price": 4589, "isBuy": true, "qty": 2206}, {"price": 4566, "isBuy": true, "qty": 2206}, {"price": 4543, "isBuy": true, "qty": 2206}, {"price": 4419, "isBuy": true, "qty": 853}], "symbol": "RUZO", "venue": "YDTMEX", "ts": "2016-04-27T23:36:05.300762265Z"}, {"ok": true, "asks": [{"price": 4635, "isBuy": false, "qty": 7793}, {"price": 4658, "isBuy": false, "qty": 7793}, {"price": 4681, "isBuy": false, "qty": 7793}], "bids": [{"price": 4599, "isBuy": true, "qty": 293}, {"price": 4589, "isBuy": true, "qty": 2206}, {"price": 4566, "isBuy": true, "qty": 2206}, {"price": 4543, "isBuy": true, "qty": 2206}, {"price": 4419, "isBuy": true, "qty": 853}], "symbol": "RUZO", "venue": "YDTMEX", "ts": "2016-04-27T23:36:07.93274161Z"}, {"ok": true, "asks": [{"price": 4635, "isBuy": false, "qty": 7793}, {"price": 4658, "isBuy": false, "qty": 7793}, {"price": 4681, "isBuy": false, "qty": 7793}], "bids": [{"price": 4599, "isBuy": true, "qty": 293}, {"price": 4589, "isBuy": true, "qty": 2206}, {"price": 4566, "isBuy": true, "qty": 2206}, {"price": 4543, "isBuy": true, "qty": 2206}, {"price": 4419, "isBuy": true, "qty": 853}], "symbol": "RUZO", "venue": "YDTMEX", "ts": "2016-04-27T23:36:08.61995885Z"}, {"ok": true, "asks": [{"price": 5549, "isBuy": false, "qty": 32566}], "bids": [{"price": 4514, "isBuy": true, "qty": 1882}, {"price": 4492, "isBuy": true, "qty": 1882}, {"price": 4470, "isBuy": true, "qty": 1882}, {"price": 4419, "isBuy": true, "qty": 853}], "symbol": "RUZO", "venue": "YDTMEX", "ts": "2016-04-27T23:36:11.226155853Z"}, {"ok": true, "asks": [{"price": 5549, "isBuy": false, "qty": 32566}], "bids": [{"price": 4514, "isBuy": true, "qty": 1882}, {"price": 4492, "isBuy": true, "qty": 1882}, {"price": 4470, "isBuy": true, "qty": 1882}, {"price": 4419, "isBuy": true, "qty": 853}], "symbol": "RUZO", "venue": "YDTMEX", "ts": "2016-04-27T23:36:11.917047064Z"}, {"ok": true, "asks": [{"price": 4631, "isBuy": false, "qty": 5969}, {"price": 4654, "isBuy": false, "qty": 5969}, {"price": 4677, "isBuy": false, "qty": 5969}], "bids": [{"price": 4585, "isBuy": true, "qty": 4030}, {"price": 4562, "isBuy": true, "qty": 4030}, {"price": 4539, "isBuy": true, "qty": 4030}, {"price": 4419, "isBuy": true, "qty": 853}], "symbol": "RUZO", "venue": "YDTMEX", "ts": "2016-04-27T23:36:14.519626841Z"}, {"ok": true, "asks": [{"price": 4631, "isBuy": false, "qty": 5969}, {"price": 4654, "isBuy": false, "qty": 5969}, {"price": 4677, "isBuy": false, "qty": 5969}], "bids": [{"price": 4585, "isBuy": true, "qty": 4030}, {"price": 4562, "isBuy": true, "qty": 4030}, {"price": 4539, "isBuy": true, "qty": 4030}, {"price": 4419, "isBuy": true, "qty": 853}], "symbol": "RUZO", "venue": "YDTMEX", "ts": "2016-04-27T23:36:15.20900834Z"}, {"ok": true, "asks": [{"price": 4631, "isBuy": false, "qty": 5969}, {"price": 4654, "isBuy": false, "qty": 5969}, {"price": 4677, "isBuy": false, "qty": 5969}], "bids": [{"price": 4585, "isBuy": true, "qty": 4030}, {"price": 4562, "isBuy": true, "qty": 4030}, {"price": 4539, "isBuy": true, "qty": 4030}, {"price": 4419, "isBuy": true, "qty": 853}], "symbol": "RUZO", "venue": "YDTMEX", "ts": "2016-04-27T23:36:17.824932775Z"}, {"ok": true, "asks": [{"price": 4631, "isBuy": false, "qty": 5969}, {"price": 4654, "isBuy": false, "qty": 5969}, {"price": 4677, "isBuy": false, "qty": 5969}], "bids": [{"price": 4585, "isBuy": true, "qty": 4030}, {"price": 4562, "isBuy": true, "qty": 4030}, {"price": 4539, "isBuy": true, "qty": 4030}, {"price": 4419, "isBuy": true, "qty": 853}], "symbol": "RUZO", "venue": "YDTMEX", "ts": "2016-04-27T23:36:18.500217972Z"}, {"ok": true, "asks": [{"price": 4649, "isBuy": false, "qty": 6108}, {"price": 4672, "isBuy": false, "qty": 6108}, {"price": 4695, "isBuy": false, "qty": 6108}], "bids": [{"price": 4603, "isBuy": true, "qty": 3891}, {"price": 4580, "isBuy": true, "qty": 3891}, {"price": 4557, "isBuy": true, "qty": 3891}, {"price": 4419, "isBuy": true, "qty": 853}], "symbol": "RUZO", "venue": "YDTMEX", "ts": "2016-04-27T23:36:21.181655172Z"}, {"ok": true, "asks": [{"price": 4649, "isBuy": false, "qty": 6108}, {"price": 4672, "isBuy": false, "qty": 6108}, {"price": 4695, "isBuy": false, "qty": 6108}], "bids": [{"price": 4603, "isBuy": true, "qty": 3891}, {"price": 4580, "isBuy": true, "qty": 3891}, {"price": 4557, "isBuy": true, "qty": 3891}, {"price": 4419, "isBuy": true, "qty": 853}], "symbol": "RUZO", "venue": "YDTMEX", "ts": "2016-04-27T23:36:21.810165446Z"}, {"ok": true, "asks": [{"price": 4397, "isBuy": false, "qty": 6122}, {"price": 4418, "isBuy": false, "qty": 6122}, {"price": 4439, "isBuy": false, "qty": 6122}, {"price": 4578, "isBuy": false, "qty": 275}], "bids": [{"price": 4355, "isBuy": true, "qty": 3877}, {"price": 4334, "isBuy": true, "qty": 3877}, {"price": 4313, "isBuy": true, "qty": 3877}], "symbol": "RUZO", "venue": "YDTMEX", "ts": "2016-04-27T23:36:24.677184254Z"}, {"ok": true, "asks": [{"price": 4397, "isBuy": false, "qty": 6122}, {"price": 4418, "isBuy": false, "qty": 6122}, {"price": 4439, "isBuy": false, "qty": 6122}, {"price": 4578, "isBuy": false, "qty": 275}], "bids": [{"price": 4355, "isBuy": true, "qty": 3877}, {"price": 4334, "isBuy": true, "qty": 3877}, {"price": 4313, "isBuy": true, "qty": 3877}], "symbol": "RUZO", "venue": "YDTMEX", "ts": "2016-04-27T23:36:25.155345304Z"}, {"ok": true, "asks": [{"price": 4397, "isBuy": false, "qty": 5695}, {"price": 4418, "isBuy": false, "qty": 6122}, {"price": 4439, "isBuy": false, "qty": 6122}, {"price": 4578, "isBuy": false, "qty": 275}], "bids": [{"price": 4355, "isBuy": true, "qty": 3877}, {"price": 4334, "isBuy": true, "qty": 3877}, {"price": 4313, "isBuy": true, "qty": 3877}], "symbol": "RUZO", "venue": "YDTMEX", "ts": "2016-04-27T23:36:28.060339098Z"}, {"ok": true, "asks": [{"price": 4397, "isBuy": false, "qty": 5695}, {"price": 4418, "isBuy": false, "qty": 6122}, {"price": 4439, "isBuy": false, "qty": 6122}, {"price": 4578, "isBuy": false, "qty": 275}], "bids": [{"price": 4355, "isBuy": true, "qty": 3877}, {"price": 4334, "isBuy": true, "qty": 3877}, {"price": 4313, "isBuy": true, "qty": 3877}], "symbol": "RUZO", "venue": "YDTMEX", "ts": "2016-04-27T23:36:28.469114449Z"}, {"ok": true, "asks": [{"price": 4488, "isBuy": false, "qty": 5969}, {"price": 4510, "isBuy": false, "qty": 5969}, {"price": 4532, "isBuy": false, "qty": 5969}, {"price": 4578, "isBuy": false, "qty": 275}], "bids": [{"price": 4463, "isBuy": true, "qty": 590}], "symbol": "RUZO", "venue": "YDTMEX", "ts": "2016-04-27T23:36:31.062692459Z"}, {"ok": true, "asks": [{"price": 4488, "isBuy": false, "qty": 5969}, {"price": 4510, "isBuy": false, "qty": 5969}, {"price": 4532, "isBuy": false, "qty": 5969}, {"price": 4578, "isBuy": false, "qty": 275}], "bids": [{"price": 4463, "isBuy": true, "qty": 590}], "symbol": "RUZO", "venue": "YDTMEX", "ts": "2016-04-27T23:36:31.84040356Z"}, {"ok": true, "asks": [{"price": 4251, "isBuy": false, "qty": 5889}, {"price": 4272, "isBuy": false, "qty": 5889}, {"price": 4293, "isBuy": false, "qty": 5889}, {"price": 4419, "isBuy": false, "qty": 648}, {"price": 4578, "isBuy": false, "qty": 275}], "bids": [{"price": 4209, "isBuy": true, "qty": 4030}, {"price": 4188, "isBuy": true, "qty": 4030}, {"price": 4167, "isBuy": true, "qty": 4030}], "symbol": "RUZO", "venue": "YDTMEX", "ts": "2016-04-27T23:36:34.611796995Z"}, {"ok": true, "asks": [{"price": 4251, "isBuy": false, "qty": 5889}, {"price": 4272, "isBuy": false, "qty": 5889}, {"price": 4293, "isBuy": false, "qty": 5889}, {"price": 4419, "isBuy": false, "qty": 648}, {"price": 4578, "isBuy": false, "qty": 275}], "bids": [{"price": 4209, "isBuy": true, "qty": 4030}, {"price": 4188, "isBuy": true, "qty": 4030}, {"price": 4167, "isBuy": true, "qty": 4030}], "symbol": "RUZO", "venue": "YDTMEX", "ts": "2016-04-27T23:36:35.165880507Z"}, {"ok": true, "asks": [{"price": 4251, "isBuy": false, "qty": 5889}, {"price": 4272, "isBuy": false, "qty": 5889}, {"price": 4293, "isBuy": false, "qty": 5889}, {"price": 4419, "isBuy": false, "qty": 648}, {"price": 4578, "isBuy": false, "qty": 275}], "bids": [{"price": 4209, "isBuy": true, "qty": 4030}, {"price": 4188, "isBuy": true, "qty": 4030}, {"price": 4167, "isBuy": true, "qty": 4030}], "symbol": "RUZO", "venue": "YDTMEX", "ts": "2016-04-27T23:36:35.265571425Z"}, {"ok": true, "asks": [{"price": 4251, "isBuy": false, "qty": 5889}, {"price": 4272, "isBuy": false, "qty": 5889}, {"price": 4293, "isBuy": false, "qty": 5889}, {"price": 4419, "isBuy": false, "qty": 648}, {"price": 4578, "isBuy": false, "qty": 275}], "bids": [{"price": 4209, "isBuy": true, "qty": 4030}, {"price": 4188, "isBuy": true, "qty": 4030}, {"price": 4167, "isBuy": true, "qty": 4030}], "symbol": "RUZO", "venue": "YDTMEX", "ts": "2016-04-27T23:36:37.702252957Z"}, {"ok": true, "asks": [{"price": 4251, "isBuy": false, "qty": 5889}, {"price": 4272, "isBuy": false, "qty": 5889}, {"price": 4293, "isBuy": false, "qty": 5889}, {"price": 4419, "isBuy": false, "qty": 648}, {"price": 4578, "isBuy": false, "qty": 275}], "bids": [{"price": 4209, "isBuy": true, "qty": 4030}, {"price": 4188, "isBuy": true, "qty": 4030}, {"price": 4167, "isBuy": true, "qty": 4030}], "symbol": "RUZO", "venue": "YDTMEX", "ts": "2016-04-27T23:36:38.594103815Z"}, {"ok": true, "asks": [{"price": 4251, "isBuy": false, "qty": 5889}, {"price": 4272, "isBuy": false, "qty": 5889}, {"price": 4293, "isBuy": false, "qty": 5889}, {"price": 4419, "isBuy": false, "qty": 648}, {"price": 4578, "isBuy": false, "qty": 275}], "bids": [{"price": 4209, "isBuy": true, "qty": 4030}, {"price": 4188, "isBuy": true, "qty": 4030}, {"price": 4167, "isBuy": true, "qty": 4030}], "symbol": "RUZO", "venue": "YDTMEX", "ts": "2016-04-27T23:36:38.68702433Z"}, {"ok": true, "asks": [{"price": 2688, "isBuy": false, "qty": 176729}, {"price": 4304, "isBuy": false, "qty": 4819}, {"price": 4325, "isBuy": false, "qty": 4819}, {"price": 4346, "isBuy": false, "qty": 4819}], "bids": [{"price": 2675, "isBuy": true, "qty": 5180}, {"price": 2662, "isBuy": true, "qty": 5180}, {"price": 2649, "isBuy": true, "qty": 5180}], "symbol": "RUZO", "venue": "YDTMEX", "ts": "2016-04-27T23:36:41.573499488Z"}, {"ok": true, "asks": [{"price": 4586, "isBuy": false, "qty": 4788}, {"price": 4608, "isBuy": false, "qty": 4788}, {"price": 4630, "isBuy": false, "qty": 4788}], "bids": [{"price": 4542, "isBuy": true, "qty": 5211}, {"price": 4520, "isBuy": true, "qty": 5211}, {"price": 4498, "isBuy": true, "qty": 5211}, {"price": 4287, "isBuy": true, "qty": 365}], "symbol": "RUZO", "venue": "YDTMEX", "ts": "2016-04-27T23:36:44.565070928Z"}, {"ok": true, "asks": [{"price": 4586, "isBuy": false, "qty": 4788}, {"price": 4608, "isBuy": false, "qty": 4788}, {"price": 4630, "isBuy": false, "qty": 4788}], "bids": [{"price": 4542, "isBuy": true, "qty": 4213}, {"price": 4520, "isBuy": true, "qty": 5211}, {"price": 4498, "isBuy": true, "qty": 5211}, {"price": 4287, "isBuy": true, "qty": 365}], "symbol": "RUZO", "venue": "YDTMEX", "ts": "2016-04-27T23:36:48.131056384Z"}, {"ok": true, "asks": [{"price": 4515, "isBuy": false, "qty": 499}], "bids": [{"price": 4419, "isBuy": true, "qty": 4808}, {"price": 4397, "isBuy": true, "qty": 4808}, {"price": 4375, "isBuy": true, "qty": 4808}], "symbol": "RUZO", "venue": "YDTMEX", "ts": "2016-04-27T23:36:51.4057469Z"}, {"ok": true, "asks": [{"price": 4515, "isBuy": false, "qty": 499}], "bids": [{"price": 4419, "isBuy": true, "qty": 4808}, {"price": 4397, "isBuy": true, "qty": 4808}, {"price": 4375, "isBuy": true, "qty": 4808}], "symbol": "RUZO", "venue": "YDTMEX", "ts": "2016-04-27T23:36:52.179149755Z"}, {"ok": true, "asks": null, "bids": [{"price": 4484, "isBuy": true, "qty": 499}, {"price": 4393, "isBuy": true, "qty": 4729}, {"price": 4371, "isBuy": true, "qty": 4729}, {"price": 4349, "isBuy": true, "qty": 4729}], "symbol": "RUZO", "venue": "YDTMEX", "ts": "2016-04-27T23:36:54.872788256Z"}, {"ok": true, "asks": null, "bids": [{"price": 4484, "isBuy": true, "qty": 499}, {"price": 4393, "isBuy": true, "qty": 4729}, {"price": 4371, "isBuy": true, "qty": 4729}, {"price": 4349, "isBuy": true, "qty": 4729}], "symbol": "RUZO", "venue": "YDTMEX", "ts": "2016-04-27T23:36:55.631659272Z"}, {"ok": true, "asks": null, "bids": [{"price": 4484, "isBuy": true, "qty": 499}, {"price": 4480, "isBuy": true, "qty": 250}, {"price": 4393, "isBuy": true, "qty": 4729}, {"price": 4371, "isBuy": true, "qty": 4729}, {"price": 4349, "isBuy": true, "qty": 4729}], "symbol": "RUZO", "venue": "YDTMEX", "ts": "2016-04-27T23:36:58.213770454Z"}, {"ok": true, "asks": null, "bids": [{"price": 4484, "isBuy": true, "qty": 499}, {"price": 4480, "isBuy": true, "qty": 250}, {"price": 4393, "isBuy": true, "qty": 4729}, {"price": 4371, "isBuy": true, "qty": 4729}, {"price": 4349, "isBuy": true, "qty": 4729}], "symbol": "RUZO", "venue": "YDTMEX", "ts": "2016-04-27T23:36:58.952502041Z"}, {"ok": true, "asks": null, "bids": [{"price": 4484, "isBuy": true, "qty": 499}, {"price": 4480, "isBuy": true, "qty": 250}, {"price": 4393, "isBuy": true, "qty": 4729}, {"price": 4371, "isBuy": true, "qty": 4729}, {"price": 4349, "isBuy": true, "qty": 4729}], "symbol": "RUZO", "venue": "YDTMEX", "ts": "2016-04-27T23:36:59.046193227Z"}, {"ok": true, "asks": [{"price": 4636, "isBuy": false, "qty": 4438}, {"price": 4659, "isBuy": false, "qty": 5134}, {"price": 4682, "isBuy": false, "qty": 5134}], "bids": [{"price": 4480, "isBuy": true, "qty": 133}, {"price": 4474, "isBuy": true, "qty": 4661}, {"price": 4452, "isBuy": true, "qty": 4661}, {"price": 4430, "isBuy": true, "qty": 4661}], "symbol": "RUZO", "venue": "YDTMEX", "ts": "2016-04-27T23:37:01.197713195Z"}