[{"ok": true, "asks": [{"price": 10370, "isBuy": false, "qty": 7}, {"price": 10421, "isBuy": false, "qty": 7}, {"price": 10472, "isBuy": false, "qty": 7}], "bids": [{"price": 10319, "isBuy": true, "qty": 175}, {"price": 10148, "isBuy": true, "qty": 490}, {"price": 10098, "isBuy": true, "qty": 490}, {"price": 10048, "isBuy": true, "qty": 490}], "symbol": "BYWU", "venue": "EDENEX", "ts": "2016-04-18T03:36:41.298059706Z"}, {"ok": true, "asks": [{"price": 10370, "isBuy": false, "qty": 7}, {"price": 10421, "isBuy": false, "qty": 7}, {"price": 10472, "isBuy": false, "qty": 7}, {"price": 10681, "isBuy": false, "qty": 250}], "bids": [{"price": 10319, "isBuy": true, "qty": 175}, {"price": 10148, "isBuy": true, "qty": 490}, {"price": 10098, "isBuy": true, "qty": 490}, {"price": 10048, "isBuy": true, "qty": 490}], "symbol": "BYWU", "venue": "EDENEX", "ts": "2016-04-18T03:36:42.763370082Z"}, {"ok": true, "asks": [{"price": 10370, "isBuy": false, "qty": 7}, {"price": 10421, "isBuy": false, "qty": 7}, {"price": 10472, "isBuy": false, "qty": 7}, {"price": 10681, "isBuy": false, "qty": 250}], "bids": [{"price": 10319, "isBuy": true, "qty": 175}, {"price": 10148, "isBuy": true, "qty": 490}, {"price": 10098, "isBuy": true, "qty": 490}, {"price": 10048, "isBuy": true, "qty": 490}], "symbol": "BYWU", "venue": "EDENEX", "ts": "2016-04-18T03:36:45.411966913Z"}, {"ok": true, "asks": [{"price": 10681, "isBuy": false, "qty": 250}, {"price": 10681, "isBuy": false, "qty": 250}], "bids": [{"price": 10288, "isBuy": true, "qty": 495}, {"price": 10237, "isBuy": true, "qty": 495}, {"price": 10186, "isBuy": true, "qty": 495}], "symbol": "BYWU", "venue": "EDENEX", "ts": "2016-04-18T03:36:47.131406961Z"}, {"ok": true, "asks": [{"price": 10681, "isBuy": false, "qty": 250}, {"price": 10681, "isBuy": false, "qty": 250}], "bids": [{"price": 10288, "isBuy": true, "qty": 495}, {"price": 10237, "isBuy": true, "qty": 495}, {"price": 10186, "isBuy": true, "qty": 495}], "symbol": "BYWU", "venue": "EDENEX", "ts": "2016-04-18T03:36:47.309698138Z"}, {"ok": true, "asks": [{"price": 10681, "isBuy": false, "qty": 250}, {"price": 10681, "isBuy": false, "qty": 250}], "bids": [{"price": 10288, "isBuy": true, "qty": 495}, {"price": 10237, "isBuy": true, "qty": 495}, {"price": 10186, "isBuy": true, "qty": 495}], "symbol": "BYWU", "venue": "EDENEX", "ts": "2016-04-18T03:36:49.75203081Z"}, {"ok": true, "asks": [{"price": 9710, "isBuy": false, "qty": 61}, {"price": 10542, "isBuy": false, "qty": 15}, {"price": 10594, "isBuy": false, "qty": 15}, {"price": 10646, "isBuy": false, "qty": 15}, {"price": 10681, "isBuy": false, "qty": 250}, {"price": 10681, "isBuy": false, "qty": 250}, {"price": 10948, "isBuy": false, "qty": 250}], "bids": [{"price": 9620, "isBuy": true, "qty": 484}, {"price": 9572, "isBuy": true, "qty": 484}, {"price": 9524, "isBuy": true, "qty": 484}], "symbol": "BYWU", "venue": "EDENEX", "ts": "2016-04-18T03:36:51.048832744Z"}, {"ok": true, "asks": [{"price": 9710, "isBuy": false, "qty": 61}, {"price": 10542, "isBuy": false, "qty": 15}, {"price": 10594, "isBuy": false, "qty": 15}, {"price": 10646, "isBuy": false, "qty": 15}, {"price": 10681, "isBuy": false, "qty": 250}, {"price": 10681, "isBuy": false, "qty": 250}, {"price": 10948, "isBuy": false, "qty": 250}], "bids": [{"price": 9620, "isBuy": true, "qty": 484}, {"price": 9572, "isBuy": true, "qty": 484}, {"price": 9524, "isBuy": true, "qty": 484}], "symbol": "BYWU", "venue": "EDENEX", "ts": "2016-04-18T03:36:51.374567312Z"}, {"ok": true, "asks": [{"price": 9710, "isBuy": false, "qty": 61}, {"price": 10542, "isBuy": false, "qty": 15}, {"price": 10594, "isBuy": false, "qty": 15}, {"price": 10646, "isBuy": false, "qty": 15}, {"price": 10681, "isBuy": false, "qty": 250}, {"price": 10681, "isBuy": false, "qty": 250}, {"price": 10948, "isBuy": false, "qty": 250}], "bids": [{"price": 9620, "isBuy": true, "qty": 484}, {"price": 9572, "isBuy": true, "qty": 484}, {"price": 9524, "isBuy": true, "qty": 484}], "symbol": "BYWU", "venue": "EDENEX", "ts": "2016-04-18T03:36:51.561579229Z"}, {"ok": true, "asks": [{"price": 9710, "isBuy": false, "qty": 61}, {"price": 10542, "isBuy": false, "qty": 15}, {"price": 10594, "isBuy": false, "qty": 15}, {"price": 10646, "isBuy": false, "qty": 15}, {"price": 10681, "isBuy": false, "qty": 250}, {"price": 10681, "isBuy": false, "qty": 250}, {"price": 10948, "isBuy": false, "qty": 250}], "bids": [{"price": 9620, "isBuy": true, "qty": 484}, {"price": 9572, "isBuy": true, "qty": 484}, {"price": 9524, "isBuy": true, "qty": 484}], "symbol": "BYWU", "venue": "EDENEX", "ts": "2016-04-18T03:36:54.074342895Z"}, {"ok": true, "asks": [{"price": 9710, "isBuy": false, "qty": 61}, {"price": 10542, "isBuy": false, "qty": 15}, {"price": 10594, "isBuy": false, "qty": 15}, {"price": 10646, "isBuy": false, "qty": 15}, {"price": 10681, "isBuy": false, "qty": 250}, {"price": 10681, "isBuy": false, "qty": 250}, {"price": 10805, "isBuy": false, "qty": 250}, {"price": 10948, "isBuy": false, "qty": 250}], "bids": [{"price": 9620, "isBuy": true, "qty": 484}, {"price": 9572, "isBuy": true, "qty": 484}, {"price": 9524, "isBuy": true, "qty": 484}], "symbol": "BYWU", "venue": "EDENEX", "ts": "2016-04-18T03:36:55.122344726Z"}, {"ok": true, "asks": [{"price": 9710, "isBuy": false, "qty": 61}, {"price": 10542, "isBuy": false, "qty": 15}, {"price": 10594, "isBuy": false, "qty": 15}, {"price": 10646, "isBuy": false, "qty": 15}, {"price": 10681, "isBuy": false, "qty": 250}, {"price": 10681, "isBuy": false, "qty": 250}, {"price": 10805, "isBuy": false, "qty": 250}, {"price": 10948, "isBuy": false, "qty": 250}], "bids": [{"price": 9620, "isBuy": true, "qty": 484}, {"price": 9572, "isBuy": true, "qty": 484}, {"price": 9524, "isBuy": true, "qty": 484}], "symbol": "BYWU", "venue": "EDENEX", "ts": "2016-04-18T03:36:55.337326045Z"}, {"ok": true, "asks": [{"price": 9710, "isBuy": false, "qty": 61}, {"price": 10542, "isBuy": false, "qty": 15}, {"price": 10594, "isBuy": false, "qty": 15}, {"price": 10646, "isBuy": false, "qty": 15}, {"price": 10681, "isBuy": false, "qty": 250}, {"price": 10681, "isBuy": false, "qty": 250}, {"price": 10805, "isBuy": false, "qty": 250}, {"price": 10948, "isBuy": false, "qty": 250}], "bids": [{"price": 9620, "isBuy": true, "qty": 484}, {"price": 9572, "isBuy": true, "qty": 484}, {"price": 9524, "isBuy": true, "qty": 484}], "symbol": "BYWU", "venue": "EDENEX", "ts": "2016-04-18T03:36:55.500163093Z"}, {"ok": true, "asks": [{"price": 10539, "isBuy": false, "qty": 15}, {"price": 10591, "isBuy": false, "qty": 15}, {"price": 10681, "isBuy": false, "qty": 250}, {"price": 10681, "isBuy": false, "qty": 250}, {"price": 10805, "isBuy": false, "qty": 250}, {"price": 10948, "isBuy": false, "qty": 250}], "bids": [{"price": 10508, "isBuy": true, "qty": 164}, {"price": 10450, "isBuy": true, "qty": 168}, {"price": 10435, "isBuy": true, "qty": 98}, {"price": 10197, "isBuy": true, "qty": 160}, {"price": 10195, "isBuy": true, "qty": 197}, {"price": 10159, "isBuy": true, "qty": 174}, {"price": 9652, "isBuy": true, "qty": 484}, {"price": 9604, "isBuy": true, "qty": 484}, {"price": 9556, "isBuy": true, "qty": 484}], "symbol": "BYWU", "venue": "EDENEX", "ts": "2016-04-18T03:36:55.671112898Z"}, {"ok": true, "asks": [{"price": 9748, "isBuy": false, "qty": 12}, {"price": 9796, "isBuy": false, "qty": 12}, {"price": 9844, "isBuy": false, "qty": 12}, {"price": 10681, "isBuy": false, "qty": 250}, {"price": 10681, "isBuy": false, "qty": 250}, {"price": 10805, "isBuy": false, "qty": 250}, {"price": 10948, "isBuy": false, "qty": 250}], "bids": [{"price": 9508, "isBuy": true, "qty": 487}, {"price": 9461, "isBuy": true, "qty": 487}, {"price": 9414, "isBuy": true, "qty": 487}], "symbol": "BYWU", "venue": "EDENEX", "ts": "2016-04-18T03:36:58.182044732Z"}, {"ok": true, "asks": [{"price": 9748, "isBuy": false, "qty": 12}, {"price": 9796, "isBuy": false, "qty": 12}, {"price": 9844, "isBuy": false, "qty": 12}, {"price": 10681, "isBuy": false, "qty": 250}, {"price": 10681, "isBuy": false, "qty": 250}, {"price": 10805, "isBuy": false, "qty": 250}, {"price": 10948, "isBuy": false, "qty": 250}], "bids": [{"price": 9508, "isBuy": true, "qty": 487}, {"price": 9461, "isBuy": true, "qty": 487}, {"price": 9414, "isBuy": true, "qty": 487}], "symbol": "BYWU", "venue": "EDENEX", "ts": "2016-04-18T03:36:59.166084509Z"}, {"ok": true, "asks": [{"price": 9748, "isBuy": false, "qty": 12}, {"price": 9796, "isBuy": false, "qty": 12}, {"price": 9844, "isBuy": false, "qty": 12}, {"price": 10681, "isBuy": false, "qty": 250}, {"price": 10681, "isBuy": false, "qty": 250}, {"price": 10805, "isBuy": false, "qty": 250}, {"price": 10948, "isBuy": false, "qty": 250}], "bids": [{"price": 9508, "isBuy": true, "qty": 487}, {"price": 9461, "isBuy": true, "qty": 487}, {"price": 9414, "isBuy": true, "qty": 487}], "symbol": "BYWU", "venue": "EDENEX", "ts": "2016-04-18T03:36:59.358355764Z"}, {"ok": true, "asks": [{"price": 9748, "isBuy": false, "qty": 12}, {"price": 9796, "isBuy": false, "qty": 12}, {"price": 9844, "isBuy": false, "qty": 12}, {"price": 10681, "isBuy": false, "qty": 250}, {"price": 10681, "isBuy": false, "qty": 250}, {"price": 10805, "isBuy": false, "qty": 250}, {"price": 10948, "isBuy": false, "qty": 250}], "bids": [{"price": 9508, "isBuy": true, "qty": 487}, {"price": 9461, "isBuy": true, "qty": 487}, {"price": 9414, "isBuy": true, "qty": 487}], "symbol": "BYWU", "venue": "EDENEX", "ts": "2016-04-18T03:36:59.78473517Z"}, {"ok": true, "asks": [{"price": 9748, "isBuy": false, "qty": 12}, {"price": 9796, "isBuy": false, "qty": 12}, {"price": 9844, "isBuy": false, "qty": 12}, {"price": 10681, "isBuy": false, "qty": 250}, {"price": 10681, "isBuy": false, "qty": 250}, {"price": 10805, "isBuy": false, "qty": 250}, {"price": 10948, "isBuy": false, "qty": 250}], "bids": [{"price": 9508, "isBuy": true, "qty": 487}, {"price": 9461, "isBuy": true, "qty": 487}, {"price": 9414, "isBuy": true, "qty": 487}], "symbol": "BYWU", "venue": "EDENEX", "ts": "2016-04-18T03:36:59.986745408Z"}, {"ok": true, "asks": [{"price": 9783, "isBuy": false, "qty": 6}, {"price": 9831, "isBuy": false, "qty": 6}, {"price": 9879, "isBuy": false, "qty": 6}, {"price": 10681, "isBuy": false, "qty": 250}, {"price": 10681, "isBuy": false, "qty": 250}, {"price": 10805, "isBuy": false, "qty": 250}, {"price": 10948, "isBuy": false, "qty": 250}], "bids": [{"price": 9687, "isBuy": true, "qty": 491}, {"price": 9639, "isBuy": true, "qty": 491}, {"price": 9591, "isBuy": true, "qty": 491}], "symbol": "BYWU", "venue": "EDENEX", "ts": "2016-04-18T03:37:02.602120001Z"}, {"ok": true, "asks": [{"price": 9783, "isBuy": false, "qty": 6}, {"price": 9831, "isBuy": false, "qty": 6}, {"price": 9879, "isBuy": false, "qty": 6}, {"price": 10681, "isBuy": false, "qty": 250}, {"price": 10681, "isBuy": false, "qty": 250}, {"price": 10805, "isBuy": false, "qty": 250}, {"price": 10948, "isBuy": false, "qty": 250}], "bids": [{"price": 9687, "isBuy": true, "qty": 491}, {"price": 9639, "isBuy": true, "qty": 491}, {"price": 9591, "isBuy": true, "qty": 491}], "symbol": "BYWU", "venue": "EDENEX", "ts": "2016-04-18T03:37:03.644437944Z"}, {"ok": true, "asks": [{"price": 9783, "isBuy": false, "qty": 6}, {"price": 9831, "isBuy": false, "qty": 6}, {"price": 9879, "isBuy": false, "qty": 6}, {"price": 10681, "isBuy": false, "qty": 250}, {"price": 10681, "isBuy": false, "qty": 250}, {"price": 10805, "isBuy": false, "qty": 250}, {"price": 10948, "isBuy": false, "qty": 250}], "bids": [{"price": 9687, "isBuy": true, "qty": 491}, {"price": 9639, "isBuy": true, "qty": 491}, {"price": 9591, "isBuy": true, "qty": 491}], "symbol": "BYWU", "venue": "EDENEX", "ts": "2016-04-18T03:37:03.837925063Z"}, {"ok": true, "asks": [{"price": 9783, "isBuy": false, "qty": 6}, {"price": 9831, "isBuy": false, "qty": 6}, {"price": 9879, "isBuy": false, "qty": 6}, {"price": 10681, "isBuy": false, "qty": 250}, {"price": 10681, "isBuy": false, "qty": 250}, {"price": 10805, "isBuy": false, "qty": 250}, {"price": 10948, "isBuy": false, "qty": 250}], "bids": [{"price": 9687, "isBuy": true, "qty": 491}, {"price": 9639, "isBuy": true, "qty": 491}, {"price": 9591, "isBuy": true, "qty": 491}], "symbol": "BYWU", "venue": "EDENEX", "ts": "2016-04-18T03:37:04.086670992Z"}, {"ok": true, "asks": [{"price": 9783, "isBuy": false, "qty": 6}, {"price": 9831, "isBuy": false, "qty": 6}, {"price": 9879, "isBuy": false, "qty": 6}, {"price": 10681, "isBuy": false, "qty": 250}, {"price": 10681, "isBuy": false, "qty": 250}, {"price": 10805, "isBuy": false, "qty": 250}, {"price": 10948, "isBuy": false, "qty": 250}], "bids": [{"price": 9687, "isBuy": true, "qty": 491}, {"price": 9639, "isBuy": true, "qty": 491}, {"price": 9591, "isBuy": true, "qty": 491}], "symbol": "BYWU", "venue": "EDENEX", "ts": "2016-04-18T03:37:04.339359242Z"}, {"ok": true, "asks": [{"price": 10681, "isBuy": false, "qty": 250}, {"price": 10681, "isBuy": false, "qty": 250}, {"price": 10805, "isBuy": false, "qty": 250}, {"price": 10948, "isBuy": false, "qty": 250}], "bids": [{"price": 9701, "isBuy": true, "qty": 495}, {"price": 9653, "isBuy": true, "qty": 495}, {"price": 9605, "isBuy": true, "qty": 495}], "symbol": "BYWU", "venue": "EDENEX", "ts": "2016-04-18T03:37:06.897302644Z"}, {"ok": true, "asks": [{"price": 10681, "isBuy": false, "qty": 250}, {"price": 10681, "isBuy": false, "qty": 250}, {"price": 10805, "isBuy": false, "qty": 250}, {"price": 10948, "isBuy": false, "qty": 250}, {"price": 10948, "isBuy": false, "qty": 250}], "bids": [{"price": 9701, "isBuy": true, "qty": 495}, {"price": 9653, "isBuy": true, "qty": 495}, {"price": 9605, "isBuy": true, "qty": 495}], "symbol": "BYWU", "venue": "EDENEX", "ts": "2016-04-18T03:37:08.139052924Z"}, {"ok": true, "asks": [{"price": 10681, "isBuy": false, "qty": 250}, {"price": 10681, "isBuy": false, "qty": 250}, {"price": 10805, "isBuy": false, "qty": 250}, {"price": 10948, "isBuy": false, "qty": 250}, {"price": 10948, "isBuy": false, "qty": 250}], "bids": [{"price": 9701, "isBuy": true, "qty": 495}, {"price": 9653, "isBuy": true, "qty": 495}, {"price": 9605, "isBuy": true, "qty": 495}], "symbol": "BYWU", "venue": "EDENEX", "ts": "2016-04-18T03:37:08.533698809Z"}, {"ok": true, "asks": [{"price": 10681, "isBuy": false, "qty": 250}, {"price": 10681, "isBuy": false, "qty": 250}, {"price": 10805, "isBuy": false, "qty": 250}, {"price": 10948, "isBuy": false, "qty": 250}, {"price": 10948, "isBuy": false, "qty": 250}], "bids": [{"price": 9701, "isBuy": true, "qty": 495}, {"price": 9653, "isBuy": true, "qty": 495}, {"price": 9605, "isBuy": true, "qty": 495}], "symbol": "BYWU", "venue": "EDENEX", "ts": "2016-04-18T03:37:08.701376279Z"}, {"ok": true, "asks": [{"price": 10681, "isBuy": false, "qty": 250}, {"price": 10681, "isBuy": false, "qty": 250}, {"price": 10805, "isBuy": false, "qty": 250}, {"price": 10948, "isBuy": false, "qty": 250}, {"price": 10948, "isBuy": false, "qty": 250}], "bids": [{"price": 9701, "isBuy": true, "qty": 495}, {"price": 9653, "isBuy": true, "qty": 495}, {"price": 9605, "isBuy": true, "qty": 495}], "symbol": "BYWU", "venue": "EDENEX", "ts": "2016-04-18T03:37:08.911309285Z"}, {"ok": true, "asks": [{"price": 10681, "isBuy": false, "qty": 250}, {"price": 10681, "isBuy": false, "qty": 250}, {"price": 10805, "isBuy": false, "qty": 250}, {"price": 10948, "isBuy": false, "qty": 250}, {"price": 10948, "isBuy": false, "qty": 250}], "bids": [{"price": 9701, "isBuy": true, "qty": 495}, {"price": 9653, "isBuy": true, "qty": 495}, {"price": 9605, "isBuy": true, "qty": 495}], "symbol": "BYWU", "venue": "EDENEX", "ts": "2016-04-18T03:37:09.125882309Z"}, {"ok": true, "asks": [{"price": 10681, "isBuy": false, "qty": 250}, {"price": 10681, "isBuy": false, "qty": 250}, {"price": 10695, "isBuy": false, "qty": 1}, {"price": 10748, "isBuy": false, "qty": 25}, {"price": 10801, "isBuy": false, "qty": 25}, {"price": 10805, "isBuy": false, "qty": 250}, {"price": 10948, "isBuy": false, "qty": 250}, {"price": 10948, "isBuy": false, "qty": 250}], "bids": [{"price": 10642, "isBuy": true, "qty": 76}, {"price": 10487, "isBuy": true, "qty": 474}, {"price": 10435, "isBuy": true, "qty": 474}, {"price": 10383, "isBuy": true, "qty": 474}], "symbol": "BYWU", "venue": "EDENEX", "ts": "2016-04-18T03:37:11.868390163Z"}, {"ok": true, "asks": [{"price": 10681, "isBuy": false, "qty": 250}, {"price": 10681, "isBuy": false, "qty": 250}, {"price": 10695, "isBuy": false, "qty": 1}, {"price": 10748, "isBuy": false, "qty": 25}, {"price": 10801, "isBuy": false, "qty": 25}, {"price": 10805, "isBuy": false, "qty": 250}, {"price": 10948, "isBuy": false, "qty": 250}, {"price": 10948, "isBuy": false, "qty": 250}, {"price": 10948, "isBuy": false, "qty": 250}], "bids": [{"price": 10642, "isBuy": true, "qty": 76}, {"price": 10487, "isBuy": true, "qty": 474}, {"price": 10435, "isBuy": true, "qty": 474}, {"price": 10383, "isBuy": true, "qty": 474}], "symbol": "BYWU", "venue": "EDENEX", "ts": "2016-04-18T03:37:13.401811917Z"}, {"ok": true, "asks": [{"price": 10681, "isBuy": false, "qty": 250}, {"price": 10681, "isBuy": false, "qty": 250}, {"price": 10695, "isBuy": false, "qty": 1}, {"price": 10748, "isBuy": false, "qty": 25}, {"price": 10801, "isBuy": false, "qty": 25}, {"price": 10805, "isBuy": false, "qty": 250}, {"price": 10948, "isBuy": false, "qty": 250}, {"price": 10948, "isBuy": false, "qty": 250}, {"price": 10948, "isBuy": false, "qty": 250}], "bids": [{"price": 10642, "isBuy": true, "qty": 76}, {"price": 10487, "isBuy": true, "qty": 474}, {"price": 10435, "isBuy": true, "qty": 474}, {"price": 10383, "isBuy": true, "qty": 474}], "symbol": "BYWU", "venue": "EDENEX", "ts": "2016-04-18T03:37:13.603541282Z"}, {"ok": true, "asks": [{"price": 10681, "isBuy": false, "qty": 250}, {"price": 10681, "isBuy": false, "qty": 250}, {"price": 10695, "isBuy": false, "qty": 1}, {"price": 10748, "isBuy": false, "qty": 25}, {"price": 10801, "isBuy": false, "qty": 25}, {"price": 10805, "isBuy": false, "qty": 250}, {"price": 10948, "isBuy": false, "qty": 250}, {"price": 10948, "isBuy": false, "qty": 250}, {"price": 10948, "isBuy": false, "qty": 250}], "bids": [{"price": 10642, "isBuy": true, "qty": 76}, {"price": 10487, "isBuy": true, "qty": 474}, {"price": 10435, "isBuy": true, "qty": 474}, {"price": 10383, "isBuy": true, "qty": 474}], "symbol": "BYWU", "venue": "EDENEX", "ts": "2016-04-18T03:37:13.806481641Z"}, {"ok": true, "asks": [{"price": 10681, "isBuy": false, "qty": 250}, {"price": 10681, "isBuy": false, "qty": 250}, {"price": 10695, "isBuy": false, "qty": 1}, {"price": 10748, "isBuy": false, "qty": 25}, {"price": 10801, "isBuy": false, "qty": 25}, {"price": 10805, "isBuy": false, "qty": 250}, {"price": 10948, "isBuy": false, "qty": 250}, {"price": 10948, "isBuy": false, "qty": 250}, {"price": 10948, "isBuy": false, "qty": 250}], "bids": [{"price": 10642, "isBuy": true, "qty": 76}, {"price": 10487, "isBuy": true, "qty": 474}, {"price": 10435, "isBuy": true, "qty": 474}, {"price": 10383, "isBuy": true, "qty": 474}], "symbol": "BYWU", "venue": "EDENEX", "ts": "2016-04-18T03:37:13.964994846Z"}, {"ok": true, "asks": [{"price": 10681, "isBuy": false, "qty": 250}, {"price": 10681, "isBuy": false, "qty": 250}, {"price": 10695, "isBuy": false, "qty": 1}, {"price": 10748, "isBuy": false, "qty": 25}, {"price": 10801, "isBuy": false, "qty": 25}, {"price": 10805, "isBuy": false, "qty": 250}, {"price": 10948, "isBuy": false, "qty": 250}, {"price": 10948, "isBuy": false, "qty": 250}, {"price": 10948, "isBuy": false, "qty": 250}], "bids": [{"price": 10642, "isBuy": true, "qty": 76}, {"price": 10487, "isBuy": true, "qty": 474}, {"price": 10435, "isBuy": true, "qty": 474}, {"price": 10383, "isBuy": true, "qty": 474}], "symbol": "BYWU", "venue": "EDENEX", "ts": "2016-04-18T03:37:14.226659975Z"}, {"ok": true, "asks": [{"price": 10681, "isBuy": false, "qty": 250}, {"price": 10681, "isBuy": false, "qty": 250}, {"price": 10695, "isBuy": false, "qty": 1}, {"price": 10748, "isBuy": false, "qty": 25}, {"price": 10801, "isBuy": false, "qty": 25}, {"price": 10805, "isBuy": false, "qty": 250}, {"price": 10948, "isBuy": false, "qty": 250}, {"price": 10948, "isBuy": false, "qty": 250}, {"price": 10948, "isBuy": false, "qty": 250}], "bids": [{"price": 10642, "isBuy": true, "qty": 76}, {"price": 10487, "isBuy": true, "qty": 474}, {"price": 10435, "isBuy": true, "qty": 474}, {"price": 10383, "isBuy": true, "qty": 474}], "symbol": "BYWU", "venue": "EDENEX", "ts": "2016-04-18T03:37:14.455501533Z"}, {"ok": true, "asks": [{"price": 10681, "isBuy": false, "qty": 250}, {"price": 10681, "isBuy": false, "qty": 250}, {"price": 10805, "isBuy": false, "qty": 250}, {"price": 10948, "isBuy": false, "qty": 250}, {"price": 10948, "isBuy": false, "qty": 250}, {"price": 10948, "isBuy": false, "qty": 250}], "bids": [{"price": 9722, "isBuy": true, "qty": 458}, {"price": 9674, "isBuy": true, "qty": 458}, {"price": 9626, "isBuy": true, "qty": 458}], "symbol": "BYWU", "venue": "EDENEX", "ts": "2016-04-18T03:37:17.07867181Z"}, {"ok": true, "asks": [{"price": 10681, "isBuy": false, "qty": 250}, {"price": 10681, "isBuy": false, "qty": 250}, {"price": 10805, "isBuy": false, "qty": 250}, {"price": 10948, "isBuy": false, "qty": 250}, {"price": 10948, "isBuy": false, "qty": 250}, {"price": 10948, "isBuy": false, "qty": 250}, {"price": 10948, "isBuy": false, "qty": 250}], "bids": [{"price": 9722, "isBuy": true, "qty": 458}, {"price": 9674, "isBuy": true, "qty": 458}, {"price": 9626, "isBuy": true, "qty": 458}], "symbol": "BYWU", "venue": "EDENEX", "ts": "2016-04-18T03:37:18.631664269Z"}, {"ok": true, "asks": [{"price": 10681, "isBuy": false, "qty": 250}, {"price": 10681, "isBuy": false, "qty": 250}, {"price": 10805, "isBuy": false, "qty": 250}, {"price": 10948, "isBuy": false, "qty": 250}, {"price": 10948, "isBuy": false, "qty": 250}, {"price": 10948, "isBuy": false, "qty": 250}, {"price": 10948, "isBuy": false, "qty": 250}], "bids": [{"price": 9722, "isBuy": true, "qty": 458}, {"price": 9674, "isBuy": true, "qty": 458}, {"price": 9626, "isBuy": true, "qty": 458}], "symbol": "BYWU", "venue": "EDENEX", "ts": "2016-04-18T03:37:18.806793263Z"}, {"ok": true, "asks": [{"price": 10681, "isBuy": false, "qty": 250}, {"price": 10681, "isBuy": false, "qty": 250}, {"price": 10805, "isBuy": false, "qty": 250}, {"price": 10948, "isBuy": false, "qty": 250}, {"price": 10948, "isBuy": false, "qty": 250}, {"price": 10948, "isBuy": false, "qty": 250}, {"price": 10948, "isBuy": false, "qty": 250}], "bids": [{"price": 9722, "isBuy": true, "qty": 458}, {"price": 9674, "isBuy": true, "qty": 458}, {"price": 9626, "isBuy": true, "qty": 458}], "symbol": "BYWU", "venue": "EDENEX", "ts": "2016-04-18T03:37:19.002291473Z"}, {"ok": true, "asks": [{"price": 10681, "isBuy": false, "qty": 250}, {"price": 10681, "isBuy": false, "qty": 250}, {"price": 10805, "isBuy": false, "qty": 250}, {"price": 10948, "isBuy": false, "qty": 250}, {"price": 10948, "isBuy": false, "qty": 250}, {"price": 10948, "isBuy": false, "qty": 250}, {"price": 10948, "isBuy": false, "qty": 250}], "bids": [{"price": 9722, "isBuy": true, "qty": 458}, {"price": 9674, "isBuy": true, "qty": 458}, {"price": 9626, "isBuy": true, "qty": 458}], "symbol": "BYWU", "venue": "EDENEX", "ts": "2016-04-18T03:37:19.200918529Z"}, {"ok": true, "asks": [{"price": 10681, "isBuy": false, "qty": 250}, {"price": 10681, "isBuy": false, "qty": 250}, {"price": 10805, "isBuy": false, "qty": 250}, {"price": 10948, "isBuy": false, "qty": 250}, {"price": 10948, "isBuy": false, "qty": 250}, {"price": 10948, "isBuy": false, "qty": 250}, {"price": 10948, "isBuy": false, "qty": 250}], "bids": [{"price": 9722, "isBuy": true, "qty": 458}, {"price": 9674, "isBuy": true, "qty": 458}, {"price": 9626, "isBuy": true, "qty": 458}], "symbol": "BYWU", "venue": "EDENEX", "ts": "2016-04-18T03:37:19.377609335Z"}, {"ok": true, "asks": [{"price": 10681, "isBuy": false, "qty": 250}, {"price": 10681, "isBuy": false, "qty": 250}, {"price": 10805, "isBuy": false, "qty": 250}, {"price": 10948, "isBuy": false, "qty": 250}, {"price": 10948, "isBuy": false, "qty": 250}, {"price": 10948, "isBuy": false, "qty": 250}, {"price": 10948, "isBuy": false, "qty": 250}], "bids": [{"price": 9722, "isBuy": true, "qty": 458}, {"price": 9674, "isBuy": true, "qty": 458}, {"price": 9626, "isBuy": true, "qty": 458}], "symbol": "BYWU", "venue": "EDENEX", "ts": "2016-04-18T03:37:19.5934167Z"}, {"ok": true, "asks": [{"price": 10681, "isBuy": false, "qty": 250}, {"price": 10681, "isBuy": false, "qty": 250}, {"price": 10805, "isBuy": false, "qty": 250}, {"price": 10948, "isBuy": false, "qty": 250}, {"price": 10948, "isBuy": false, "qty": 250}, {"price": 10948, "isBuy": false, "qty": 250}, {"price": 10948, "isBuy": false, "qty": 250}], "bids": [{"price": 9722, "isBuy": true, "qty": 458}, {"price": 9674, "isBuy": true, "qty": 458}, {"price": 9626, "isBuy": true, "qty": 458}], "symbol": "BYWU", "venue": "EDENEX", "ts": "2016-04-18T03:37:19.77863166Z"}, {"ok": true, "asks": [{"price": 10408, "isBuy": false, "qty": 4}, {"price": 10681, "isBuy": false, "qty": 250}, {"price": 10681, "isBuy": false, "qty": 250}, {"price": 10805, "isBuy": false, "qty": 250}, {"price": 10948, "isBuy": false, "qty": 250}, {"price": 10948, "isBuy": false, "qty": 250}, {"price": 10948, "isBuy": false, "qty": 250}, {"price": 10948, "isBuy": false, "qty": 250}], "bids": [{"price": 9659, "isBuy": true, "qty": 458}, {"price": 9611, "isBuy": true, "qty": 458}, {"price": 9563, "isBuy": true, "qty": 458}], "symbol": "BYWU", "venue": "EDENEX", "ts": "2016-04-18T03:37:22.553872432Z"}, {"ok": true, "asks": [{"price": 10408, "isBuy": false, "qty": 4}, {"price": 10681, "isBuy": false, "qty": 250}, {"price": 10681, "isBuy": false, "qty": 250}, {"price": 10805, "isBuy": false, "qty": 250}, {"price": 10948, "isBuy": false, "qty": 250}, {"price": 10948, "isBuy": false, "qty": 250}, {"price": 10948, "isBuy": false, "qty": 250}, {"price": 10948, "isBuy": false, "qty": 250}, {"price": 10948, "isBuy": false, "qty": 250}], "bids": [{"price": 9659, "isBuy": true, "qty": 458}, {"price": 9611, "isBuy": true, "qty": 458}, {"price": 9563, "isBuy": true, "qty": 458}], "symbol": "BYWU", "venue": "EDENEX", "ts": "2016-04-18T03:37:23.964752014Z"}, {"ok": true, "asks": [{"price": 10408, "isBuy": false, "qty": 4}, {"price": 10681, "isBuy": false, "qty": 250}, {"price": 10681, "isBuy": false, "qty": 250}, {"price": 10805, "isBuy": false, "qty": 250}, {"price": 10948, "isBuy": false, "qty": 250}, {"price": 10948, "isBuy": false, "qty": 250}, {"price": 10948, "isBuy": false, "qty": 250}, {"price": 10948, "isBuy": false, "qty": 250}, {"price": 10948, "isBuy": false, "qty": 250}], "bids": [{"price": 9659, "isBuy": true, "qty": 458}, {"price": 9611, "isBuy": true, "qty": 458}, {"price": 9563, "isBuy": true, "qty": 458}], "symbol": "BYWU", "venue": "EDENEX", "ts": "2016-04-18T03:37:24.260281203Z"}, {"ok": true, "asks": [{"price": 10408, "isBuy": false, "qty": 4}, {"price": 10681, "isBuy": false, "qty": 250}, {"price": 10681, "isBuy": false, "qty": 250}, {"price": 10805, "isBuy": false, "qty": 250}, {"price": 10948, "isBuy": false, "qty": 250}, {"price": 10948, "isBuy": false, "qty": 250}, {"price": 10948, "isBuy": false, "qty": 250}, {"price": 10948, "isBuy": false, "qty": 250}, {"price": 10948, "isBuy": false, "qty": 250}], "bids": [{"price": 9659, "isBuy": true, "qty": 458}, {"price": 9611, "isBuy": true, "qty": 458}, {"price": 9563, "isBuy": true, "qty": 458}], "symbol": "BYWU", "venue": "EDENEX", "ts": "2016-04-18T03:37:24.426890761Z"}, {"ok": true, "asks": [{"price": 10408, "isBuy": false, "qty": 4}, {"price": 10681, "isBuy": false, "qty": 250}, {"price": 10681, "isBuy": false, "qty": 250}, {"price": 10805, "isBuy": false, "qty": 250}, {"price": 10948, "isBuy": false, "qty": 250}, {"price": 10948, "isBuy": false, "qty": 250}, {"price": 10948, "isBuy": false, "qty": 250}, {"price": 10948, "isBuy": false, "qty": 250}, {"price": 10948, "isBuy": false, "qty": 250}], "bids": [{"price": 9659, "isBuy": true, "qty": 458}, {"price": 9611, "isBuy": true, "qty": 458}, {"price": 9563, "isBuy": true, "qty": 458}], "symbol": "BYWU", "venue": "EDENEX", "ts": "2016-04-18T03:37:24.623489268Z"}, {"ok": true, "asks": [{"price": 10408, "isBuy": false, "qty": 4}, {"price": 10681, "isBuy": false, "qty": 250}, {"price": 10681, "isBuy": false, "qty": 250}, {"price": 10805, "isBuy": false, "qty": 250}, {"price": 10948, "isBuy": false, "qty": 250}, {"price": 10948, "isBuy": false, "qty": 250}, {"price": 10948, "isBuy": false, "qty": 250}, {"price": 10948, "isBuy": false, "qty": 250}, {"price": 10948, "isBuy": false, "qty": 250}], "bids": [{"price": 9659, "isBuy": true, "qty": 458}, {"price": 9611, "isBuy": true, "qty": 458}, {"price": 9563, "isBuy": true, "qty": 458}], "symbol": "BYWU", "venue": "EDENEX", "ts": "2016-04-18T03:37:24.81596602Z"}, {"ok": true, "asks": [{"price": 10408, "isBuy": false, "qty": 4}, {"price": 10681, "isBuy": false, "qty": 250}, {"price": 10681, "isBuy": false, "qty": 250}, {"price": 10805, "isBuy": false, "qty": 250}, {"price": 10948, "isBuy": false, "qty": 250}, {"price": 10948, "isBuy": false, "qty": 250}, {"price": 10948, "isBuy": false, "qty": 250}, {"price": 10948, "isBuy": false, "qty": 250}, {"price": 10948, "isBuy": false, "qty": 250}], "bids": [{"price": 9659, "isBuy": true, "qty": 458}, {"price": 9611, "isBuy": true, "qty": 458}, {"price": 9563, "isBuy": true, "qty": 458}], "symbol": "BYWU", "venue": "EDENEX", "ts": "2016-04-18T03:37:24.990225389Z"}, {"ok": true, "asks": [{"price": 10408, "isBuy": false, "qty": 4}, {"price": 10681, "isBuy": false, "qty": 250}, {"price": 10681, "isBuy": false, "qty": 250}, {"price": 10805, "isBuy": false, "qty": 250}, {"price": 10948, "isBuy": false, "qty": 250}, {"price": 10948, "isBuy": false, "qty": 250}, {"price": 10948, "isBuy": false, "qty": 250}, {"price": 10948, "isBuy": false, "qty": 250}, {"price": 10948, "isBuy": false, "qty": 250}], "bids": [{"price": 9659, "isBuy": true, "qty": 458}, {"price": 9611, "isBuy": true, "qty": 458}, {"price": 9563, "isBuy": true, "qty": 458}], "symbol": "BYWU", "venue": "EDENEX", "ts": "2016-04-18T03:37:25.262794429Z"}, {"ok": true, "asks": [{"price": 10408, "isBuy": false, "qty": 4}, {"price": 10681, "isBuy": false, "qty": 250}, {"price": 10681, "isBuy": false, "qty": 250}, {"price": 10805, "isBuy": false, "qty": 250}, {"price": 10948, "isBuy": false, "qty": 250}, {"price": 10948, "isBuy": false, "qty": 250}, {"price": 10948, "isBuy": false, "qty": 250}, {"price": 10948, "isBuy": false, "qty": 250}, {"price": 10948, "isBuy": false, "qty": 250}], "bids": [{"price": 9659, "isBuy": true, "qty": 458}, {"price": 9611, "isBuy": true, "qty": 458}, {"price": 9563, "isBuy": true, "qty": 458}], "symbol": "BYWU", "venue": "EDENEX", "ts": "2016-04-18T03:37:25.459935539Z"}, {"ok": true, "asks": [{"price": 10548, "isBuy": false, "qty": 1}, {"price": 10600, "isBuy": false, "qty": 1}, {"price": 10652, "isBuy": false, "qty": 30}, {"price": 10681, "isBuy": false, "qty": 250}, {"price": 10681, "isBuy": false, "qty": 250}, {"price": 10805, "isBuy": false, "qty": 250}, {"price": 10948, "isBuy": false, "qty": 250}, {"price": 10948, "isBuy": false, "qty": 250}, {"price": 10948, "isBuy": false, "qty": 250}, {"price": 10948, "isBuy": false, "qty": 250}, {"price": 10948, "isBuy": false, "qty": 250}], "bids": null, "symbol": "BYWU", "venue": "EDENEX", "ts": "2016-04-18T03:37:28.032550684Z"}, {"ok": true, "asks": [{"price": 10548, "isBuy": false, "qty": 1}, {"price": 10600, "isBuy": false, "qty": 1}, {"price": 10652, "isBuy": false, "qty": 30}, {"price": 10681, "isBuy": false, "qty": 250}, {"price": 10681, "isBuy": false, "qty": 250}, {"price": 10805, "isBuy": false, "qty": 250}, {"price": 10948, "isBuy": false, "qty": 250}, {"price": 10948, "isBuy": false, "qty": 250}, {"price": 10948, "isBuy": false, "qty": 250}, {"price": 10948, "isBuy": false, "qty": 250}, {"price": 10948, "isBuy": false, "qty": 250}], "bids": null, "symbol": "BYWU", "venue": "EDENEX", "ts": "2016-04-18T03:37:28.998513409Z"}, {"ok": true, "asks": [{"price": 10548, "isBuy": false, "qty": 1}, {"price": 10600, "isBuy": false, "qty": 1}, {"price": 10652, "isBuy": false, "qty": 30}, {"price": 10681, "isBuy": false, "qty": 250}, {"price": 10681, "isBuy": false, "qty": 250}, {"price": 10805, "isBuy": false, "qty": 250}, {"price": 10948, "isBuy": false, "qty": 250}, {"price": 10948, "isBuy": false, "qty": 250}, {"price": 10948, "isBuy": false, "qty": 250}, {"price": 10948, "isBuy": false, "qty": 250}, {"price": 10948, "isBuy": false, "qty": 250}], "bids": null, "symbol": "BYWU", "venue": "EDENEX", "ts": "2016-04-18T03:37:29.224487819Z"}, {"ok": true, "asks": [{"price": 10548, "isBuy": false, "qty": 1}, {"price": 10600, "isBuy": false, "qty": 1}, {"price": 10652, "isBuy": false, "qty": 30}, {"price": 10681, "isBuy": false, "qty": 250}, {"price": 10681, "isBuy": false, "qty": 250}, {"price": 10805, "isBuy": false, "qty": 250}, {"price": 10948, "isBuy": false, "qty": 250}, {"price": 10948, "isBuy": false, "qty": 250}, {"price": 10948, "isBuy": false, "qty": 250}, {"price": 10948, "isBuy": false, "qty": 250}, {"price": 10948, "isBuy": false, "qty": 250}], "bids": null, "symbol": "BYWU", "venue": "EDENEX", "ts": "2016-04-18T03:37:29.41077964Z"}, {"ok": true, "asks": [{"price": 10548, "isBuy": false, "qty": 1}, {"price": 10600, "isBuy": false, "qty": 1}, {"price": 10652, "isBuy": false, "qty": 30}, {"price": 10681, "isBuy": false, "qty": 250}, {"price": 10681, "isBuy": false, "qty": 250}, {"price": 10805, "isBuy": false, "qty": 250}, {"price": 10948, "isBuy": false, "qty": 250}, {"price": 10948, "isBuy": false, "qty": 250}, {"price": 10948, "isBuy": false, "qty": 250}, {"price": 10948, "isBuy": false, "qty": 250}, {"price": 10948, "isBuy": false, "qty": 250}], "bids": null, "symbol": "BYWU", "venue": "EDENEX", "ts": "2016-04-18T03:37:29.58566924Z"}, {"ok": true, "asks": [{"price": 10548, "isBuy": false, "qty": 1}, {"price": 10600, "isBuy": false, "qty": 1}, {"price": 10652, "isBuy": false, "qty": 30}, {"price": 10681, "isBuy": false, "qty": 250}, {"price": 10681, "isBuy": false, "qty": 250}, {"price": 10805, "isBuy": false, "qty": 250}, {"price": 10948, "isBuy": false, "qty": 250}, {"price": 10948, "isBuy": false, "qty": 250}, {"price": 10948, "isBuy": false, "qty": 250}, {"price": 10948, "isBuy": false, "qty": 250}, {"price": 10948, "isBuy": false, "qty": 250}], "bids": null, "symbol": "BYWU", "venue": "EDENEX", "ts": "2016-04-18T03:37:29.879243629Z"}, {"ok": true, "asks": [{"price": 10548, "isBuy": false, "qty": 1}, {"price": 10600, "isBuy": false, "qty": 1}, {"price": 10652, "isBuy": false, "qty": 30}, {"price": 10681, "isBuy": false, "qty": 250}, {"price": 10681, "isBuy": false, "qty": 250}, {"price": 10805, "isBuy": false, "qty": 250}, {"price": 10948, "isBuy": false, "qty": 250}, {"price": 10948, "isBuy": false, "qty": 250}, {"price": 10948, "isBuy": false, "qty": 250}, {"price": 10948, "isBuy": false, "qty": 250}, {"price": 10948, "isBuy": false, "qty": 250}], "bids": null, "symbol": "BYWU", "venue": "EDENEX", "ts": "2016-04-18T03:37:30.112094753Z"}, {"ok": true, "asks": [{"price": 10548, "isBuy": false, "qty": 1}, {"price": 10600, "isBuy": false, "qty": 1}, {"price": 10652, "isBuy": false, "qty": 30}, {"price": 10681, "isBuy": false, "qty": 250}, {"price": 10681, "isBuy": false, "qty": 250}, {"price": 10805, "isBuy": false, "qty": 250}, {"price": 10948, "isBuy": false, "qty": 250}, {"price": 10948, "isBuy": false, "qty": 250}, {"price": 10948, "isBuy": false, "qty": 250}, {"price": 10948, "isBuy": false, "qty": 250}, {"price": 10948, "isBuy": false, "qty": 250}], "bids": null, "symbol": "BYWU", "venue": "EDENEX", "ts": "2016-04-18T03:37:30.424878894Z"}, {"ok": true, "asks": [{"price": 10548, "isBuy": false, "qty": 1}, {"price": 10600, "isBuy": false, "qty": 1}, {"price": 10652, "isBuy": false, "qty": 30}, {"price": 10681, "isBuy": false, "qty": 250}, {"price": 10681, "isBuy": false, "qty": 250}, {"price": 10805, "isBuy": false, "qty": 250}, {"price": 10948, "isBuy": false, "qty": 250}, {"price": 10948, "isBuy": false, "qty": 250}, {"price": 10948, "isBuy": false, "qty": 250}, {"price": 10948, "isBuy": false, "qty": 250}, {"price": 10948, "isBuy": false, "qty": 250}], "bids": null, "symbol": "BYWU", "venue": "EDENEX", "ts": "2016-04-18T03:37:30.610765376Z"}, {"ok": true, "asks": [{"price": 10681, "isBuy": false, "qty": 250}, {"price": 10681, "isBuy": false, "qty": 250}, {"price": 10805, "isBuy": false, "qty": 250}, {"price": 10948, "isBuy": false, "qty": 250}, {"price": 10948, "isBuy": false, "qty": 250}, {"price": 10948, "isBuy": false, "qty": 250}, {"price": 10948, "isBuy": false, "qty": 250}, {"price": 10948, "isBuy": false, "qty": 250}], "bids": [{"price": 10372, "isBuy": true, "qty": 5}, {"price": 9566, "isBuy": true, "qty": 475}, {"price": 9518, "isBuy": true, "qty": 475}, {"price": 9470, "isBuy": true, "qty": 475}], "symbol": "BYWU", "venue": "EDENEX", "ts": "2016-04-18T03:37:33.109228213Z"}, {"ok": true, "asks": [{"price": 10681, "isBuy": false, "qty": 250}, {"price": 10681, "isBuy": false, "qty": 250}, {"price": 10805, "isBuy": false, "qty": 250}, {"price": 10948, "isBuy": false, "qty": 250}, {"price": 10948, "isBuy": false, "qty": 250}, {"price": 10948, "isBuy": false, "qty": 250}, {"price": 10948, "isBuy": false, "qty": 250}, {"price": 10948, "isBuy": false, "qty": 250}, {"price": 10948, "isBuy": false, "qty": 250}], "bids": [{"price": 10372, "isBuy": true, "qty": 5}, {"price": 9566, "isBuy": true, "qty": 475}, {"price": 9518, "isBuy": true, "qty": 475}, {"price": 9470, "isBuy": true, "qty": 475}], "symbol": "BYWU", "venue": "EDENEX", "ts": "2016-04-18T03:37:34.322358566Z"}, {"ok": true, "asks": [{"price": 10681, "isBuy": false, "qty": 250}, {"price": 10681, "isBuy": false, "qty": 250}, {"price": 10805, "isBuy": false, "qty": 250}, {"price": 10948, "isBuy": false, "qty": 250}, {"price": 10948, "isBuy": false, "qty": 250}, {"price": 10948, "isBuy": false, "qty": 250}, {"price": 10948, "isBuy": false, "qty": 250}, {"price": 10948, "isBuy": false, "qty": 250}, {"price": 10948, "isBuy": false, "qty": 250}], "bids": [{"price": 10372, "isBuy": true, "qty": 5}, {"price": 9566, "isBuy": true, "qty": 475}, {"price": 9518, "isBuy": true, "qty": 475}, {"price": 9470, "isBuy": true, "qty": 475}], "symbol": "BYWU", "venue": "EDENEX", "ts": "2016-04-18T03:37:34.723282925Z"}, {"ok": true, "asks": [{"price": 10681, "isBuy": false, "qty": 250}, {"price": 10681, "isBuy": false, "qty": 250}, {"price": 10805, "isBuy": false, "qty": 250}, {"price": 10948, "isBuy": false, "qty": 250}, {"price": 10948, "isBuy": false, "qty": 250}, {"price": 10948, "isBuy": false, "qty": 250}, {"price": 10948, "isBuy": false, "qty": 250}, {"price": 10948, "isBuy": false, "qty": 250}, {"price": 10948, "isBuy": false, "qty": 250}], "bids": [{"price": 10372, "isBuy": true, "qty": 5}, {"price": 9566, "isBuy": true, "qty": 475}, {"price": 9518, "isBuy": true, "qty": 475}, {"price": 9470, "isBuy": true, "qty": 475}], "symbol": "BYWU", "venue": "EDENEX", "ts": "2016-04-18T03:37:34.911672475Z"}, {"ok": true, "asks": [{"price": 10681, "isBuy": false, "qty": 250}, {"price": 10681, "isBuy": false, "qty": 250}, {"price": 10805, "isBuy": false, "qty": 250}, {"price": 10948, "isBuy": false, "qty": 250}, {"price": 10948, "isBuy": false, "qty": 250}, {"price": 10948, "isBuy": false, "qty": 250}, {"price": 10948, "isBuy": false, "qty": 250}, {"price": 10948, "isBuy": false, "qty": 250}, {"price": 10948, "isBuy": false, "qty": 250}], "bids": [{"price": 10372, "isBuy": true, "qty": 5}, {"price": 9566, "isBuy": true, "qty": 475}, {"price": 9518, "isBuy": true, "qty": 475}, {"price": 9470, "isBuy": true, "qty": 475}], "symbol": "BYWU", "venue": "EDENEX", "ts": "2016-04-18T03:37:35.418605229Z"}, {"ok": true, "asks": [{"price": 10681, "isBuy": false, "qty": 250}, {"price": 10681, "isBuy": false, "qty": 250}, {"price": 10805, "isBuy": false, "qty": 250}, {"price": 10948, "isBuy": false, "qty": 250}, {"price": 10948, "isBuy": false, "qty": 250}, {"price": 10948, "isBuy": false, "qty": 250}, {"price": 10948, "isBuy": false, "qty": 250}, {"price": 10948, "isBuy": false, "qty": 250}, {"price": 10948, "isBuy": false, "qty": 250}], "bids": [{"price": 10372, "isBuy": true, "qty": 5}, {"price": 9566, "isBuy": true, "qty": 475}, {"price": 9518, "isBuy": true, "qty": 475}, {"price": 9470, "isBuy": true, "qty": 475}], "symbol": "BYWU", "venue": "EDENEX", "ts": "2016-04-18T03:37:35.610651016Z"}, {"ok": true, "asks": [{"price": 10602, "isBuy": false, "qty": 13}, {"price": 10654, "isBuy": false, "qty": 13}, {"price": 10681, "isBuy": false, "qty": 85}, {"price": 10681, "isBuy": false, "qty": 250}, {"price": 10706, "isBuy": false, "qty": 13}, {"price": 10805, "isBuy": false, "qty": 250}, {"price": 10948, "isBuy": false, "qty": 250}, {"price": 10948, "isBuy": false, "qty": 250}, {"price": 10948, "isBuy": false, "qty": 250}, {"price": 10948, "isBuy": false, "qty": 250}, {"price": 10948, "isBuy": false, "qty": 250}, {"price": 10948, "isBuy": false, "qty": 250}], "bids": null, "symbol": "BYWU", "venue": "EDENEX", "ts": "2016-04-18T03:37:35.911752579Z"}, {"ok": true, "asks": [{"price": 10602, "isBuy": false, "qty": 13}, {"price": 10654, "isBuy": false, "qty": 13}, {"price": 10681, "isBuy": false, "qty": 85}, {"price": 10681, "isBuy": false, "qty": 250}, {"price": 10706, "isBuy": false, "qty": 13}, {"price": 10805, "isBuy": false, "qty": 250}, {"price": 10948, "isBuy": false, "qty": 250}, {"price": 10948, "isBuy": false, "qty": 250}, {"price": 10948, "isBuy": false, "qty": 250}, {"price": 10948, "isBuy": false, "qty": 250}, {"price": 10948, "isBuy": false, "qty": 250}, {"price": 10948, "isBuy": false, "qty": 250}], "bids": null, "symbol": "BYWU", "venue": "EDENEX", "ts": "2016-04-18T03:37:36.137499182Z"}, {"ok": true, "asks": [{"price": 10602, "isBuy": false, "qty": 13}, {"price": 10654, "isBuy": false, "qty": 13}, {"price": 10681, "isBuy": false, "qty": 85}, {"price": 10681, "isBuy": false, "qty": 250}, {"price": 10706, "isBuy": false, "qty": 13}, {"price": 10805, "isBuy": false, "qty": 250}, {"price": 10948, "isBuy": false, "qty": 250}, {"price": 10948, "isBuy": false, "qty": 250}, {"price": 10948, "isBuy": false, "qty": 250}, {"price": 10948, "isBuy": false, "qty": 250}, {"price": 10948, "isBuy": false, "qty": 250}, {"price": 10948, "isBuy": false, "qty": 250}], "bids": null, "symbol": "BYWU", "venue": "EDENEX", "ts": "2016-04-18T03:37:36.336434084Z"}, {"ok": true, "asks": [{"price": 10602, "isBuy": false, "qty": 13}, {"price": 10654, "isBuy": false, "qty": 13}, {"price": 10681, "isBuy": false, "qty": 85}, {"price": 10681, "isBuy": false, "qty": 250}, {"price": 10706, "isBuy": false, "qty": 13}, {"price": 10805, "isBuy": false, "qty": 250}, {"price": 10948, "isBuy": false, "qty": 250}, {"price": 10948, "isBuy": false, "qty": 250}, {"price": 10948, "isBuy": false, "qty": 250}, {"price": 10948, "isBuy": false, "qty": 250}, {"price": 10948, "isBuy": false, "qty": 250}, {"price": 10948, "isBuy": false, "qty": 250}], "bids": null, "symbol": "BYWU", "venue": "EDENEX", "ts": "2016-04-18T03:37:36.569778779Z"}, {"ok": true, "asks": [{"price": 10602, "isBuy": false, "qty": 13}, {"price": 10654, "isBuy": false, "qty": 13}, {"price": 10681, "isBuy": false, "qty": 85}, {"price": 10681, "isBuy": false, "qty": 250}, {"price": 10706, "isBuy": false, "qty": 13}, {"price": 10805, "isBuy": false, "qty": 250}, {"price": 10948, "isBuy": false, "qty": 250}, {"price": 10948, "isBuy": false, "qty": 250}, {"price": 10948, "isBuy": false, "qty": 250}, {"price": 10948, "isBuy": false, "qty": 250}, {"price": 10948, "isBuy": false, "qty": 250}, {"price": 10948, "isBuy": false, "qty": 250}], "bids": null, "symbol": "BYWU", "venue": "EDENEX", "ts": "2016-04-18T03:37:39.101796271Z"}, {"ok": true, "asks": [{"price": 10602, "isBuy": false, "qty": 13}, {"price": 10654, "isBuy": false, "qty": 13}, {"price": 10681, "isBuy": false, "qty": 85}, {"price": 10681, "isBuy": false, "qty": 250}, {"price": 10706, "isBuy": false, "qty": 13}, {"price": 10805, "isBuy": false, "qty": 250}, {"price": 10948, "isBuy": false, "qty": 250}, {"price": 10948, "isBuy": false, "qty": 250}, {"price": 10948, "isBuy": false, "qty": 250}, {"price": 10948, "isBuy": false, "qty": 250}, {"price": 10948, "isBuy": false, "qty": 250}, {"price": 10948, "isBuy": false, "qty": 250}], "bids": null, "symbol": "BYWU", "venue": "EDENEX", "ts": "2016-04-18T03:37:40.019717791Z"}, {"ok": true, "asks": [{"price": 10602, "isBuy": false, "qty": 13}, {"price": 10654, "isBuy": false, "qty": 13}, {"price": 10681, "isBuy": false, "qty": 85}, {"price": 10681, "isBuy": false, "qty": 250}, {"price": 10706, "isBuy": false, "qty": 13}, {"price": 10805, "isBuy": false, "qty": 250}, {"price": 10948, "isBuy": false, "qty": 250}, {"price": 10948, "isBuy": false, "qty": 250}, {"price": 10948, "isBuy": false, "qty": 250}, {"price": 10948, "isBuy": false, "qty": 250}, {"price": 10948, "isBuy": false, "qty": 250}, {"price": 10948, "isBuy": false, "qty": 250}], "bids": null, "symbol": "BYWU", "venue": "EDENEX", "ts": "2016-04-18T03:37:40.173201688Z"}, {"ok": true, "asks": [{"price": 10602, "isBuy": false, "qty": 13}, {"price": 10654, "isBuy": false, "qty": 13}, {"price": 10681, "isBuy": false, "qty": 85}, {"price": 10681, "isBuy": false, "qty": 250}, {"price": 10706, "isBuy": false, "qty": 13}, {"price": 10805, "isBuy": false, "qty": 250}, {"price": 10948, "isBuy": false, "qty": 250}, {"price": 10948, "isBuy": false, "qty": 250}, {"price": 10948, "isBuy": false, "qty": 250}, {"price": 10948, "isBuy": false, "qty": 250}, {"price": 10948, "isBuy": false, "qty": 250}, {"price": 10948, "isBuy": false, "qty": 250}], "bids": null, "symbol": "BYWU", "venue": "EDENEX", "ts": "2016-04-18T03:37:40.364921514Z"}, {"ok": true, "asks": [{"price": 10511, "isBuy": false, "qty": 13}, {"price": 10563, "isBuy": false, "qty": 13}, {"price": 10615, "isBuy": false, "qty": 13}, {"price": 10681, "isBuy": false, "qty": 85}, {"price": 10681, "isBuy": false, "qty": 250}, {"price": 10805, "isBuy": false, "qty": 250}, {"price": 10948, "isBuy": false, "qty": 250}, {"price": 10948, "isBuy": false, "qty": 250}, {"price": 10948, "isBuy": false, "qty": 250}, {"price": 10948, "isBuy": false, "qty": 250}, {"price": 10948, "isBuy": false, "qty": 250}, {"price": 10948, "isBuy": false, "qty": 250}], "bids": [{"price": 10355, "isBuy": true, "qty": 486}, {"price": 10303, "isBuy": true, "qty": 486}], "symbol": "BYWU", "venue": "EDENEX", "ts": "2016-04-18T03:37:40.651799112Z"}, {"ok": true, "asks": [{"price": 10681, "isBuy": false, "qty": 6}, {"price": 10681, "isBuy": false, "qty": 250}, {"price": 10711, "isBuy": false, "qty": 20}, {"price": 10764, "isBuy": false, "qty": 20}, {"price": 10805, "isBuy": false, "qty": 250}, {"price": 10817, "isBuy": false, "qty": 20}, {"price": 10948, "isBuy": false, "qty": 250}, {"price": 10948, "isBuy": false, "qty": 250}, {"price": 10948, "isBuy": false, "qty": 250}, {"price": 10948, "isBuy": false, "qty": 250}, {"price": 10948, "isBuy": false, "qty": 250}, {"price": 10948, "isBuy": false, "qty": 250}], "bids": [{"price": 10658, "isBuy": true, "qty": 42}, {"price": 10407, "isBuy": true, "qty": 480}, {"price": 10355, "isBuy": true, "qty": 480}, {"price": 10303, "isBuy": true, "qty": 480}], "symbol": "BYWU", "venue": "EDENEX", "ts": "2016-04-18T03:37:40.944723439Z"}, {"ok": true, "asks": [{"price": 10681, "isBuy": false, "qty": 6}, {"price": 10681, "isBuy": false, "qty": 250}, {"price": 10711, "isBuy": false, "qty": 20}, {"price": 10764, "isBuy": false, "qty": 20}, {"price": 10805, "isBuy": false, "qty": 250}, {"price": 10817, "isBuy": false, "qty": 20}, {"price": 10948, "isBuy": false, "qty": 250}, {"price": 10948, "isBuy": false, "qty": 250}, {"price": 10948, "isBuy": false, "qty": 250}, {"price": 10948, "isBuy": false, "qty": 250}, {"price": 10948, "isBuy": false, "qty": 250}, {"price": 10948, "isBuy": false, "qty": 250}], "bids": [{"price": 10658, "isBuy": true, "qty": 42}, {"price": 10407, "isBuy": true, "qty": 480}, {"price": 10355, "isBuy": true, "qty": 480}, {"price": 10303, "isBuy": true, "qty": 480}], "symbol": "BYWU", "venue": "EDENEX", "ts": "2016-04-18T03:37:41.174822033Z"}, {"ok": true, "asks": [{"price": 10681, "isBuy": false, "qty": 6}, {"price": 10681, "isBuy": false, "qty": 250}, {"price": 10711, "isBuy": false, "qty": 20}, {"price": 10764, "isBuy": false, "qty": 20}, {"price": 10805, "isBuy": false, "qty": 250}, {"price": 10817, "isBuy": false, "qty": 20}, {"price": 10948, "isBuy": false, "qty": 250}, {"price": 10948, "isBuy": false, "qty": 250}, {"price": 10948, "isBuy": false, "qty": 250}, {"price": 10948, "isBuy": false, "qty": 250}, {"price": 10948, "isBuy": false, "qty": 250}, {"price": 10948, "isBuy": false, "qty": 250}], "bids": [{"price": 10658, "isBuy": true, "qty": 42}, {"price": 10407, "isBuy": true, "qty": 480}, {"price": 10355, "isBuy": true, "qty": 480}, {"price": 10303, "isBuy": true, "qty": 480}], "symbol": "BYWU", "venue": "EDENEX", "ts": "2016-04-18T03:37:41.358190496Z"}, {"ok": true, "asks": [{"price": 10681, "isBuy": false, "qty": 6}, {"price": 10681, "isBuy": false, "qty": 250}, {"price": 10711, "isBuy": false, "qty": 20}, {"price": 10764, "isBuy": false, "qty": 20}, {"price": 10805, "isBuy": false, "qty": 250}, {"price": 10817, "isBuy": false, "qty": 20}, {"price": 10948, "isBuy": false, "qty": 250}, {"price": 10948, "isBuy": false, "qty": 250}, {"price": 10948, "isBuy": false, "qty": 250}, {"price": 10948, "isBuy": false, "qty": 250}, {"price": 10948, "isBuy": false, "qty": 250}, {"price": 10948, "isBuy": false, "qty": 250}], "bids": [{"price": 10658, "isBuy": true, "qty": 42}, {"price": 10407, "isBuy": true, "qty": 480}, {"price": 10355, "isBuy": true, "qty": 480}, {"price": 10303, "isBuy": true, "qty": 480}], "symbol": "BYWU", "venue": "EDENEX", "ts": "2016-04-18T03:37:41.598648955Z"}, {"ok": true, "asks": [{"price": 10681, "isBuy": false, "qty": 6}, {"price": 10681, "isBuy": false, "qty": 250}, {"price": 10711, "isBuy": false, "qty": 20}, {"price": 10764, "isBuy": false, "qty": 20}, {"price": 10805, "isBuy": false, "qty": 250}, {"price": 10817, "isBuy": false, "qty": 20}, {"price": 10948, "isBuy": false, "qty": 250}, {"price": 10948, "isBuy": false, "qty": 250}, {"price": 10948, "isBuy": false, "qty": 250}, {"price": 10948, "isBuy": false, "qty": 250}, {"price": 10948, "isBuy": false, "qty": 250}, {"price": 10948, "isBuy": false, "qty": 250}], "bids": [{"price": 10658, "isBuy": true, "qty": 42}, {"price": 10407, "isBuy": true, "qty": 480}, {"price": 10355, "isBuy": true, "qty": 480}, {"price": 10303, "isBuy": true, "qty": 480}], "symbol": "BYWU", "venue": "EDENEX", "ts": "2016-04-18T03:37:41.794743656Z"}, {"ok": true, "asks": [{"price": 10681, "isBuy": false, "qty": 6}, {"price": 10681, "isBuy": false, "qty": 250}, {"price": 10711, "isBuy": false, "qty": 20}, {"price": 10764, "isBuy": false, "qty": 20}, {"price": 10805, "isBuy": false, "qty": 250}, {"price": 10817, "isBuy": false, "qty": 20}, {"price": 10948, "isBuy": false, "qty": 250}, {"price": 10948, "isBuy": false, "qty": 250}, {"price": 10948, "isBuy": false, "qty": 250}, {"price": 10948, "isBuy": false, "qty": 250}, {"price": 10948, "isBuy": false, "qty": 250}, {"price": 10948, "isBuy": false, "qty": 250}], "bids": [{"price": 10658, "isBuy": true, "qty": 42}, {"price": 10407, "isBuy": true, "qty": 480}, {"price": 10355, "isBuy": true, "qty": 480}, {"price": 10303, "isBuy": true, "qty": 480}], "symbol": "BYWU", "venue": "EDENEX", "ts": "2016-04-18T03:37:44.232575075Z"}, {"ok": true, "asks": [{"price": 10681, "isBuy": false, "qty": 6}, {"price": 10681, "isBuy": false, "qty": 250}, {"price": 10711, "isBuy": false, "qty": 20}, {"price": 10764, "isBuy": false, "qty": 20}, {"price": 10805, "isBuy": false, "qty": 250}, {"price": 10817, "isBuy": false, "qty": 20}, {"price": 10948, "isBuy": false, "qty": 250}, {"price": 10948, "isBuy": false, "qty": 250}, {"price": 10948, "isBuy": false, "qty": 250}, {"price": 10948, "isBuy": false, "qty": 250}, {"price": 10948, "isBuy": false, "qty": 250}, {"price": 10948, "isBuy": false, "qty": 250}, {"price": 10948, "isBuy": false, "qty": 250}], "bids": [{"price": 10658, "isBuy": true, "qty": 42}, {"price": 10407, "isBuy": true, "qty": 480}, {"price": 10355, "isBuy": true, "qty": 480}, {"price": 10303, "isBuy": true, "qty": 480}], "symbol": "BYWU", "venue": "EDENEX", "ts": "2016-04-18T03:37:45.580831465Z"}, {"ok": true, "asks": [{"price": 10681, "isBuy": false, "qty": 6}, {"price": 10681, "isBuy": false, "qty": 250}, {"price": 10683, "isBuy": false, "qty": 28}, {"price": 10736, "isBuy": false, "qty": 28}, {"price": 10789, "isBuy": false, "qty": 28}, {"price": 10805, "isBuy": false, "qty": 250}, {"price": 10948, "isBuy": false, "qty": 250}, {"price": 10948, "isBuy": false, "qty": 250}, {"price": 10948, "isBuy": false, "qty": 250}, {"price": 10948, "isBuy": false, "qty": 250}, {"price": 10948, "isBuy": false, "qty": 250}, {"price": 10948, "isBuy": false, "qty": 250}, {"price": 10948, "isBuy": false, "qty": 250}], "bids": [{"price": 10308, "isBuy": true, "qty": 471}, {"price": 10257, "isBuy": true, "qty": 471}, {"price": 10206, "isBuy": true, "qty": 471}], "symbol": "BYWU", "venue": "EDENEX", "ts": "2016-04-18T03:37:45.763205945Z"}, {"ok": true, "asks": [{"price": 10681, "isBuy": false, "qty": 6}, {"price": 10681, "isBuy": false, "qty": 250}, {"price": 10683, "isBuy": false, "qty": 28}, {"price": 10736, "isBuy": false, "qty": 28}, {"price": 10789, "isBuy": false, "qty": 28}, {"price": 10805, "isBuy": false, "qty": 250}, {"price": 10948, "isBuy": false, "qty": 250}, {"price": 10948, "isBuy": false, "qty": 250}, {"price": 10948, "isBuy": false, "qty": 250}, {"price": 10948, "isBuy": false, "qty": 250}, {"price": 10948, "isBuy": false, "qty": 250}, {"price": 10948, "isBuy": false, "qty": 250}, {"price": 10948, "isBuy": false, "qty": 250}], "bids": [{"price": 10308, "isBuy": true, "qty": 471}, {"price": 10257, "isBuy": true, "qty": 471}, {"price": 10206, "isBuy": true, "qty": 471}], "symbol": "BYWU", "venue": "EDENEX", "ts": "2016-04-18T03:37:45.932864532Z"}, {"ok": true, "asks": [{"price": 10681, "isBuy": false, "qty": 6}, {"price": 10681, "isBuy": false, "qty": 250}, {"price": 10683, "isBuy": false, "qty": 28}, {"price": 10736, "isBuy": false, "qty": 28}, {"price": 10789, "isBuy": false, "qty": 28}, {"price": 10805, "isBuy": false, "qty": 250}, {"price": 10948, "isBuy": false, "qty": 250}, {"price": 10948, "isBuy": false, "qty": 250}, {"price": 10948, "isBuy": false, "qty": 250}, {"price": 10948, "isBuy": false, "qty": 250}, {"price": 10948, "isBuy": false, "qty": 250}, {"price": 10948, "isBuy": false, "qty": 250}, {"price": 10948, "isBuy": false, "qty": 250}], "bids": [{"price": 10308, "isBuy": true, "qty": 471}, {"price": 10257, "isBuy": true, "qty": 471}, {"price": 10206, "isBuy": true, "qty": 471}], "symbol": "BYWU", "venue": "EDENEX", "ts": "2016-04-18T03:37:46.155637828Z"}, {"ok": true, "asks": [{"price": 10681, "isBuy": false, "qty": 6}, {"price": 10681, "isBuy": false, "qty": 250}, {"price": 10683, "isBuy": false, "qty": 28}, {"price": 10736, "isBuy": false, "qty": 28}, {"price": 10789, "isBuy": false, "qty": 28}, {"price": 10805, "isBuy": false, "qty": 250}, {"price": 10948, "isBuy": false, "qty": 250}, {"price": 10948, "isBuy": false, "qty": 250}, {"price": 10948, "isBuy": false, "qty": 250}, {"price": 10948, "isBuy": false, "qty": 250}, {"price": 10948, "isBuy": false, "qty": 250}, {"price": 10948, "isBuy": false, "qty": 250}, {"price": 10948, "isBuy": false, "qty": 250}], "bids": [{"price": 10308, "isBuy": true, "qty": 471}, {"price": 10257, "isBuy": true, "qty": 471}, {"price": 10206, "isBuy": true, "qty": 471}], "symbol": "BYWU", "venue": "EDENEX", "ts": "2016-04-18T03:37:46.345923083Z"}, {"ok": true, "asks": [{"price": 10681, "isBuy": false, "qty": 6}, {"price": 10681, "isBuy": false, "qty": 250}, {"price": 10683, "isBuy": false, "qty": 28}, {"price": 10736, "isBuy": false, "qty": 28}, {"price": 10789, "isBuy": false, "qty": 28}, {"price": 10805, "isBuy": false, "qty": 250}, {"price": 10948, "isBuy": false, "qty": 250}, {"price": 10948, "isBuy": false, "qty": 250}, {"price": 10948, "isBuy": false, "qty": 250}, {"price": 10948, "isBuy": false, "qty": 250}, {"price": 10948, "isBuy": false, "qty": 250}, {"price": 10948, "isBuy": false, "qty": 250}, {"price": 10948, "isBuy": false, "qty": 250}], "bids": [{"price": 10308, "isBuy": true, "qty": 471}, {"price": 10257, "isBuy": true, "qty": 471}, {"price": 10206, "isBuy": true, "qty": 471}], "symbol": "BYWU", "venue": "EDENEX", "ts": "2016-04-18T03:37:46.529660298Z"}, {"ok": true, "asks": [{"price": 10681, "isBuy": false, "qty": 6}, {"price": 10681, "isBuy": false, "qty": 250}, {"price": 10683, "isBuy": false, "qty": 28}, {"price": 10736, "isBuy": false, "qty": 28}, {"price": 10789, "isBuy": false, "qty": 28}, {"price": 10805, "isBuy": false, "qty": 250}, {"price": 10948, "isBuy": false, "qty": 250}, {"price": 10948, "isBuy": false, "qty": 250}, {"price": 10948, "isBuy": false, "qty": 250}, {"price": 10948, "isBuy": false, "qty": 250}, {"price": 10948, "isBuy": false, "qty": 250}, {"price": 10948, "isBuy": false, "qty": 250}, {"price": 10948, "isBuy": false, "qty": 250}], "bids": [{"price": 10308, "isBuy": true, "qty": 471}, {"price": 10257, "isBuy": true, "qty": 471}, {"price": 10206, "isBuy": true, "qty": 471}], "symbol": "BYWU", "venue": "EDENEX", "ts": "2016-04-18T03:37:46.843124119Z"}, {"ok": true, "asks": [{"price": 10681, "isBuy": false, "qty": 6}, {"price": 10681, "isBuy": false, "qty": 250}, {"price": 10683, "isBuy": false, "qty": 28}, {"price": 10736, "isBuy": false, "qty": 28}, {"price": 10789, "isBuy": false, "qty": 28}, {"price": 10805, "isBuy": false, "qty": 250}, {"price": 10948, "isBuy": false, "qty": 250}, {"price": 10948, "isBuy": false, "qty": 250}, {"price": 10948, "isBuy": false, "qty": 250}, {"price": 10948, "isBuy": false, "qty": 250}, {"price": 10948, "isBuy": false, "qty": 250}, {"price": 10948, "isBuy": false, "qty": 250}, {"price": 10948, "isBuy": false, "qty": 250}], "bids": [{"price": 10308, "isBuy": true, "qty": 471}, {"price": 10257, "isBuy": true, "qty": 471}, {"price": 10206, "isBuy": true, "qty": 471}], "symbol": "BYWU", "venue": "EDENEX", "ts": "2016-04-18T03:37:47.027284319Z"}, {"ok": true, "asks": [{"price": 10681, "isBuy": false, "qty": 6}, {"price": 10681, "isBuy": false, "qty": 250}, {"price": 10683, "isBuy": false, "qty": 28}, {"price": 10736, "isBuy": false, "qty": 28}, {"price": 10789, "isBuy": false, "qty": 28}, {"price": 10805, "isBuy": false, "qty": 250}, {"price": 10948, "isBuy": false, "qty": 250}, {"price": 10948, "isBuy": false, "qty": 250}, {"price": 10948, "isBuy": false, "qty": 250}, {"price": 10948, "isBuy": false, "qty": 250}, {"price": 10948, "isBuy": false, "qty": 250}, {"price": 10948, "isBuy": false, "qty": 250}, {"price": 10948, "isBuy": false, "qty": 250}], "bids": [{"price": 10308, "isBuy": true, "qty": 471}, {"price": 10257, "isBuy": true, "qty": 471}, {"price": 10206, "isBuy": true, "qty": 471}], "symbol": "BYWU", "venue": "EDENEX", "ts": "2016-04-18T03:37:47.246217178Z"}, {"ok": true, "asks": [{"price": 10681, "isBuy": false, "qty": 6}, {"price": 10681, "isBuy": false, "qty": 250}, {"price": 10683, "isBuy": false, "qty": 28}, {"price": 10736, "isBuy": false, "qty": 28}, {"price": 10789, "isBuy": false, "qty": 28}, {"price": 10805, "isBuy": false, "qty": 250}, {"price": 10948, "isBuy": false, "qty": 250}, {"price": 10948, "isBuy": false, "qty": 250}, {"price": 10948, "isBuy": false, "qty": 250}, {"price": 10948, "isBuy": false, "qty": 250}, {"price": 10948, "isBuy": false, "qty": 250}, {"price": 10948, "isBuy": false, "qty": 250}, {"price": 10948, "isBuy": false, "qty": 250}], "bids": [{"price": 10308, "isBuy": true, "qty": 471}, {"price": 10257, "isBuy": true, "qty": 471}, {"price": 10206, "isBuy": true, "qty": 471}], "symbol": "BYWU", "venue": "EDENEX", "ts": "2016-04-18T03:37:47.420377462Z"}, {"ok": true, "asks": [{"price": 10681, "isBuy": false, "qty": 6}, {"price": 10681, "isBuy": false, "qty": 250}, {"price": 10683, "isBuy": false, "qty": 28}, {"price": 10736, "isBuy": false, "qty": 28}, {"price": 10789, "isBuy": false, "qty": 28}, {"price": 10805, "isBuy": false, "qty": 250}, {"price": 10948, "isBuy": false, "qty": 250}, {"price": 10948, "isBuy": false, "qty": 250}, {"price": 10948, "isBuy": false, "qty": 250}, {"price": 10948, "isBuy": false, "qty": 250}, {"price": 10948, "isBuy": false, "qty": 250}, {"price": 10948, "isBuy": false, "qty": 250}, {"price": 10948, "isBuy": false, "qty": 250}], "bids": [{"price": 10308, "isBuy": true, "qty": 471}, {"price": 10257, "isBuy": true, "qty": 471}, {"price": 10206, "isBuy": true, "qty": 471}], "symbol": "BYWU", "venue": "EDENEX", "ts": "2016-04-18T03:37:49.85616Z"}, {"ok": true, "asks": [{"price": 10480, "isBuy": false, "qty": 48}, {"price": 10532, "isBuy": false, "qty": 48}, {"price": 10584, "isBuy": false, "qty": 48}, {"price": 10805, "isBuy": false, "qty": 250}, {"price": 10948, "isBuy": false, "qty": 250}, {"price": 10948, "isBuy": false, "qty": 250}, {"price": 10948, "isBuy": false, "qty": 250}, {"price": 10948, "isBuy": false, "qty": 250}, {"price": 10948, "isBuy": false, "qty": 250}, {"price": 10948, "isBuy": false, "qty": 250}, {"price": 10948, "isBuy": false, "qty": 250}, {"price": 10948, "isBuy": false, "qty": 250}], "bids": [{"price": 10376, "isBuy": true, "qty": 451}, {"price": 10324, "isBuy": true, "qty": 451}, {"price": 10272, "isBuy": true, "qty": 451}], "symbol": "BYWU", "venue": "EDENEX", "ts": "2016-04-18T03:37:51.607877175Z"}, {"ok": true, "asks": [{"price": 10480, "isBuy": false, "qty": 48}, {"price": 10532, "isBuy": false, "qty": 48}, {"price": 10584, "isBuy": false, "qty": 48}, {"price": 10805, "isBuy": false, "qty": 250}, {"price": 10948, "isBuy": false, "qty": 250}, {"price": 10948, "isBuy": false, "qty": 250}, {"price": 10948, "isBuy": false, "qty": 250}, {"price": 10948, "isBuy": false, "qty": 250}, {"price": 10948, "isBuy": false, "qty": 250}, {"price": 10948, "isBuy": false, "qty": 250}, {"price": 10948, "isBuy": false, "qty": 250}, {"price": 10948, "isBuy": false, "qty": 250}], "bids": [{"price": 10376, "isBuy": true, "qty": 451}, {"price": 10324, "isBuy": true, "qty": 451}, {"price": 10272, "isBuy": true, "qty": 451}], "symbol": "BYWU", "venue": "EDENEX", "ts": "2016-04-18T03:37:51.870829198Z"}, {"ok": true, "asks": [{"price": 10480, "isBuy": false, "qty": 48}, {"price": 10532, "isBuy": false, "qty": 48}, {"price": 10584, "isBuy": false, "qty": 48}, {"price": 10805, "isBuy": false, "qty": 250}, {"price": 10948, "isBuy": false, "qty": 250}, {"price": 10948, "isBuy": false, "qty": 250}, {"price": 10948, "isBuy": false, "qty": 250}, {"price": 10948, "isBuy": false, "qty": 250}, {"price": 10948, "isBuy": false, "qty": 250}, {"price": 10948, "isBuy": false, "qty": 250}, {"price": 10948, "isBuy": false, "qty": 250}, {"price": 10948, "isBuy": false, "qty": 250}], "bids": [{"price": 10376, "isBuy": true, "qty": 451}, {"price": 10324, "isBuy": true, "qty": 451}, {"price": 10272, "isBuy": true, "qty": 451}], "symbol": "BYWU", "venue": "EDENEX", "ts": "2016-04-18T03:37:52.102085974Z"}, {"ok": true, "asks": [{"price": 10480, "isBuy": false, "qty": 48}, {"price": 10532, "isBuy": false, "qty": 48}, {"price": 10584, "isBuy": false, "qty": 48}, {"price": 10805, "isBuy": false, "qty": 250}, {"price": 10948, "isBuy": false, "qty": 250}, {"price": 10948, "isBuy": false, "qty": 250}, {"price": 10948, "isBuy": false, "qty": 250}, {"price": 10948, "isBuy": false, "qty": 250}, {"price": 10948, "isBuy": false, "qty": 250}, {"price": 10948, "isBuy": false, "qty": 250}, {"price": 10948, "isBuy": false, "qty": 250}, {"price": 10948, "isBuy": false, "qty": 250}], "bids": [{"price": 10376, "isBuy": true, "qty": 451}, {"price": 10324, "isBuy": true, "qty": 451}, {"price": 10272, "isBuy": true, "qty": 451}], "symbol": "BYWU", "venue": "EDENEX", "ts": "2016-04-18T03:37:52.291155044Z"}, {"ok": true, "asks": [{"price": 10480, "isBuy": false, "qty": 48}, {"price": 10532, "isBuy": false, "qty": 48}, {"price": 10584, "isBuy": false, "qty": 48}, {"price": 10805, "isBuy": false, "qty": 250}, {"price": 10948, "isBuy": false, "qty": 250}, {"price": 10948, "isBuy": false, "qty": 250}, {"price": 10948, "isBuy": false, "qty": 250}, {"price": 10948, "isBuy": false, "qty": 250}, {"price": 10948, "isBuy": false, "qty": 250}, {"price": 10948, "isBuy": false, "qty": 250}, {"price": 10948, "isBuy": false, "qty": 250}, {"price": 10948, "isBuy": false, "qty": 250}], "bids": [{"price": 10376, "isBuy": true, "qty": 451}, {"price": 10324, "isBuy": true, "qty": 451}, {"price": 10272, "isBuy": true, "qty": 451}], "symbol": "BYWU", "venue": "EDENEX", "ts": "2016-04-18T03:37:52.488371394Z"}, {"ok": true, "asks": [{"price": 10480, "isBuy": false, "qty": 48}, {"price": 10532, "isBuy": false, "qty": 48}, {"price": 10584, "isBuy": false, "qty": 48}, {"price": 10805, "isBuy": false, "qty": 250}, {"price": 10948, "isBuy": false, "qty": 250}, {"price": 10948, "isBuy": false, "qty": 250}, {"price": 10948, "isBuy": false, "qty": 250}, {"price": 10948, "isBuy": false, "qty": 250}, {"price": 10948, "isBuy": false, "qty": 250}, {"price": 10948, "isBuy": false, "qty": 250}, {"price": 10948, "isBuy": false, "qty": 250}, {"price": 10948, "isBuy": false, "qty": 250}], "bids": [{"price": 10376, "isBuy": true, "qty": 451}, {"price": 10324, "isBuy": true, "qty": 451}, {"price": 10272, "isBuy": true, "qty": 451}], "symbol": "BYWU", "venue": "EDENEX", "ts": "2016-04-18T03:37:52.667366424Z"}, {"ok": true, "asks": [{"price": 10480, "isBuy": false, "qty": 48}, {"price": 10532, "isBuy": false, "qty": 48}, {"price": 10584, "isBuy": false, "qty": 48}, {"price": 10805, "isBuy": false, "qty": 250}, {"price": 10948, "isBuy": false, "qty": 250}, {"price": 10948, "isBuy": false, "qty": 250}, {"price": 10948, "isBuy": false, "qty": 250}, {"price": 10948, "isBuy": false, "qty": 250}, {"price": 10948, "isBuy": false, "qty": 250}, {"price": 10948, "isBuy": false, "qty": 250}, {"price": 10948, "isBuy": false, "qty": 250}, {"price": 10948, "isBuy": false, "qty": 250}], "bids": [{"price": 10376, "isBuy": true, "qty": 451}, {"price": 10324, "isBuy": true, "qty": 451}, {"price": 10272, "isBuy": true, "qty": 451}], "symbol": "BYWU", "venue": "EDENEX", "ts": "2016-04-18T03:37:52.964233018Z"}, {"ok": true, "asks": [{"price": 10480, "isBuy": false, "qty": 48}, {"price": 10532, "isBuy": false, "qty": 48}, {"price": 10584, "isBuy": false, "qty": 48}, {"price": 10805, "isBuy": false, "qty": 250}, {"price": 10948, "isBuy": false, "qty": 250}, {"price": 10948, "isBuy": false, "qty": 250}, {"price": 10948, "isBuy": false, "qty": 250}, {"price": 10948, "isBuy": false, "qty": 250}, {"price": 10948, "isBuy": false, "qty": 250}, {"price": 10948, "isBuy": false, "qty": 250}, {"price": 10948, "isBuy": false, "qty": 250}, {"price": 10948, "isBuy": false, "qty": 250}], "bids": [{"price": 10376, "isBuy": true, "qty": 451}, {"price": 10324, "isBuy": true, "qty": 451}, {"price": 10272, "isBuy": true, "qty": 451}], "symbol": "BYWU", "venue": "EDENEX", "ts": "2016-04-18T03:37:53.169291412Z"}, {"ok": true, "asks": [{"price": 10480, "isBuy": false, "qty": 48}, {"price": 10532, "isBuy": false, "qty": 48}, {"price": 10584, "isBuy": false, "qty": 48}, {"price": 10805, "isBuy": false, "qty": 250}, {"price": 10948, "isBuy": false, "qty": 250}, {"price": 10948, "isBuy": false, "qty": 250}, {"price": 10948, "isBuy": false, "qty": 250}, {"price": 10948, "isBuy": false, "qty": 250}, {"price": 10948, "isBuy": false, "qty": 250}, {"price": 10948, "isBuy": false, "qty": 250}, {"price": 10948, "isBuy": false, "qty": 250}, {"price": 10948, "isBuy": false, "qty": 250}], "bids": [{"price": 10376, "isBuy": true, "qty": 451}, {"price": 10324, "isBuy": true, "qty": 451}, {"price": 10272, "isBuy": true, "qty": 451}], "symbol": "BYWU", "venue": "EDENEX", "ts": "2016-04-18T03:37:53.405130811Z"}, {"ok": true, "asks": [{"price": 10422, "isBuy": false, "qty": 28}, {"price": 10433, "isBuy": false, "qty": 24}, {"price": 10473, "isBuy": false, "qty": 28}, {"price": 10524, "isBuy": false, "qty": 28}, {"price": 10805, "isBuy": false, "qty": 250}, {"price": 10948, "isBuy": false, "qty": 250}, {"price": 10948, "isBuy": false, "qty": 250}, {"price": 10948, "isBuy": false, "qty": 250}, {"price": 10948, "isBuy": false, "qty": 250}, {"price": 10948, "isBuy": false, "qty": 250}, {"price": 10948, "isBuy": false, "qty": 250}, {"price": 10948, "isBuy": false, "qty": 250}, {"price": 10948, "isBuy": false, "qty": 250}], "bids": [{"price": 9810, "isBuy": true, "qty": 471}, {"price": 9761, "isBuy": true, "qty": 471}, {"price": 9712, "isBuy": true, "qty": 471}], "symbol": "BYWU", "venue": "EDENEX", "ts": "2016-04-18T03:37:55.942082729Z"}, {"ok": true, "asks": [{"price": 10693, "isBuy": false, "qty": 47}, {"price": 10805, "isBuy": false, "qty": 250}, {"price": 10948, "isBuy": false, "qty": 250}, {"price": 10948, "isBuy": false, "qty": 250}, {"price": 10948, "isBuy": false, "qty": 250}, {"price": 10948, "isBuy": false, "qty": 250}, {"price": 10948, "isBuy": false, "qty": 250}, {"price": 10948, "isBuy": false, "qty": 250}, {"price": 10948, "isBuy": false, "qty": 250}, {"price": 10948, "isBuy": false, "qty": 250}], "bids": [{"price": 9848, "isBuy": true, "qty": 196}, {"price": 9703, "isBuy": true, "qty": 471}, {"price": 9655, "isBuy": true, "qty": 471}, {"price": 9607, "isBuy": true, "qty": 471}], "symbol": "BYWU", "venue": "EDENEX", "ts": "2016-04-18T03:38:01.234198886Z"}, {"ok": true, "asks": [{"price": 10693, "isBuy": false, "qty": 47}, {"price": 10805, "isBuy": false, "qty": 250}, {"price": 10948, "isBuy": false, "qty": 250}, {"price": 10948, "isBuy": false, "qty": 250}, {"price": 10948, "isBuy": false, "qty": 250}, {"price": 10948, "isBuy": false, "qty": 250}, {"price": 10948, "isBuy": false, "qty": 250}, {"price": 10948, "isBuy": false, "qty": 250}, {"price": 10948, "isBuy": false, "qty": 250}, {"price": 10948, "isBuy": false, "qty": 250}], "bids": [{"price": 9848, "isBuy": true, "qty": 196}, {"price": 9703, "isBuy": true, "qty": 471}, {"price": 9655, "isBuy": true, "qty": 471}, {"price": 9607, "isBuy": true, "qty": 471}], "symbol": "BYWU", "venue": "EDENEX", "ts": "2016-04-18T03:38:01.651729449Z"}, {"ok": true, "asks": [{"price": 10693, "isBuy": false, "qty": 47}, {"price": 10805, "isBuy": false, "qty": 250}, {"price": 10948, "isBuy": false, "qty": 250}, {"price": 10948, "isBuy": false, "qty": 250}, {"price": 10948, "isBuy": false, "qty": 250}, {"price": 10948, "isBuy": false, "qty": 250}, {"price": 10948, "isBuy": false, "qty": 250}, {"price": 10948, "isBuy": false, "qty": 250}, {"price": 10948, "isBuy": false, "qty": 250}, {"price": 10948, "isBuy": false, "qty": 250}], "bids": [{"price": 9848, "isBuy": true, "qty": 196}, {"price": 9703, "isBuy": true, "qty": 471}, {"price": 9655, "isBuy": true, "qty": 471}, {"price": 9607, "isBuy": true, "qty": 471}], "symbol": "BYWU", "venue": "EDENEX", "ts": "2016-04-18T03:38:01.854699614Z"}, {"ok": true, "asks": [{"price": 10693, "isBuy": false, "qty": 47}, {"price": 10805, "isBuy": false, "qty": 250}, {"price": 10948, "isBuy": false, "qty": 250}, {"price": 10948, "isBuy": false, "qty": 250}, {"price": 10948, "isBuy": false, "qty": 250}, {"price": 10948, "isBuy": false, "qty": 250}, {"price": 10948, "isBuy": false, "qty": 250}, {"price": 10948, "isBuy": false, "qty": 250}, {"price": 10948, "isBuy": false, "qty": 250}, {"price": 10948, "isBuy": false, "qty": 250}], "bids": [{"price": 9848, "isBuy": true, "qty": 196}, {"price": 9703, "isBuy": true, "qty": 471}, {"price": 9655, "isBuy": true, "qty": 471}, {"price": 9607, "isBuy": true, "qty": 471}], "symbol": "BYWU", "venue": "EDENEX", "ts": "2016-04-18T03:38:02.05574998Z"}, {"ok": true, "asks": [{"price": 10693, "isBuy": false, "qty": 47}, {"price": 10805, "isBuy": false, "qty": 250}, {"price": 10948, "isBuy": false, "qty": 250}, {"price": 10948, "isBuy": false, "qty": 250}, {"price": 10948, "isBuy": false, "qty": 250}, {"price": 10948, "isBuy": false, "qty": 250}, {"price": 10948, "isBuy": false, "qty": 250}, {"price": 10948, "isBuy": false, "qty": 250}, {"price": 10948, "isBuy": false, "qty": 250}, {"price": 10948, "isBuy": false, "qty": 250}], "bids": [{"price": 9848, "isBuy": true, "qty": 196}, {"price": 9703, "isBuy": true, "qty": 471}, {"price": 9655, "isBuy": true, "qty": 471}, {"price": 9607, "isBuy": true, "qty": 471}], "symbol": "BYWU", "venue": "EDENEX", "ts": "2016-04-18T03:38:02.284582757Z"}, {"ok": true, "asks": [{"price": 10693, "isBuy": false, "qty": 47}, {"price": 10805, "isBuy": false, "qty": 250}, {"price": 10948, "isBuy": false, "qty": 250}, {"price": 10948, "isBuy": false, "qty": 250}, {"price": 10948, "isBuy": false, "qty": 250}, {"price": 10948, "isBuy": false, "qty": 250}, {"price": 10948, "isBuy": false, "qty": 250}, {"price": 10948, "isBuy": false, "qty": 250}, {"price": 10948, "isBuy": false, "qty": 250}, {"price": 10948, "isBuy": false, "qty": 250}], "bids": [{"price": 9848, "isBuy": true, "qty": 196}, {"price": 9703, "isBuy": true, "qty": 471}, {"price": 9655, "isBuy": true, "qty": 471}, {"price": 9607, "isBuy": true, "qty": 471}], "symbol": "BYWU", "venue": "EDENEX", "ts": "2016-04-18T03:38:02.483844978Z"}, {"ok": true, "asks": [{"price": 10693, "isBuy": false, "qty": 47}, {"price": 10805, "isBuy": false, "qty": 250}, {"price": 10948, "isBuy": false, "qty": 250}, {"price": 10948, "isBuy": false, "qty": 250}, {"price": 10948, "isBuy": false, "qty": 250}, {"price": 10948, "isBuy": false, "qty": 250}, {"price": 10948, "isBuy": false, "qty": 250}, {"price": 10948, "isBuy": false, "qty": 250}, {"price": 10948, "isBuy": false, "qty": 250}, {"price": 10948, "isBuy": false, "qty": 250}], "bids": [{"price": 9848, "isBuy": true, "qty": 196}, {"price": 9703, "isBuy": true, "qty": 471}, {"price": 9655, "isBuy": true, "qty": 471}, {"price": 9607, "isBuy": true, "qty": 471}], "symbol": "BYWU", "venue": "EDENEX", "ts": "2016-04-18T03:38:02.684522745Z"}, {"ok": true, "asks": [{"price": 10693, "isBuy": false, "qty": 47}, {"price": 10805, "isBuy": false, "qty": 250}, {"price": 10948, "isBuy": false, "qty": 250}, {"price": 10948, "isBuy": false, "qty": 250}, {"price": 10948, "isBuy": false, "qty": 250}, {"price": 10948, "isBuy": false, "qty": 250}, {"price": 10948, "isBuy": false, "qty": 250}, {"price": 10948, "isBuy": false, "qty": 250}, {"price": 10948, "isBuy": false, "qty": 250}, {"price": 10948, "isBuy": false, "qty": 250}], "bids": [{"price": 9848, "isBuy": true, "qty": 196}, {"price": 9703, "isBuy": true, "qty": 471}, {"price": 9655, "isBuy": true, "qty": 471}, {"price": 9607, "isBuy": true, "qty": 471}], "symbol": "BYWU", "venue": "EDENEX", "ts": "2016-04-18T03:38:03.131911085Z"}, {"ok": true, "asks": [{"price": 10693, "isBuy": false, "qty": 47}, {"price": 10805, "isBuy": false, "qty": 250}, {"price": 10948, "isBuy": false, "qty": 250}, {"price": 10948, "isBuy": false, "qty": 250}, {"price": 10948, "isBuy": false, "qty": 250}, {"price": 10948, "isBuy": false, "qty": 250}, {"price": 10948, "isBuy": false, "qty": 250}, {"price": 10948, "isBuy": false, "qty": 250}, {"price": 10948, "isBuy": false, "qty": 250}, {"price": 10948, "isBuy": false, "qty": 250}], "bids": [{"price": 9848, "isBuy": true, "qty": 196}, {"price": 9703, "isBuy": true, "qty": 471}, {"price": 9655, "isBuy": true, "qty": 471}, {"price": 9607, "isBuy": true, "qty": 471}], "symbol": "BYWU", "venue": "EDENEX", "ts": "2016-04-18T03:38:03.349180713Z"}, {"ok": true, "asks": [{"price": 10693, "isBuy": false, "qty": 47}, {"price": 10805, "isBuy": false, "qty": 250}, {"price": 10948, "isBuy": false, "qty": 250}, {"price": 10948, "isBuy": false, "qty": 250}, {"price": 10948, "isBuy": false, "qty": 250}, {"price": 10948, "isBuy": false, "qty": 250}, {"price": 10948, "isBuy": false, "qty": 250}, {"price": 10948, "isBuy": false, "qty": 250}, {"price": 10948, "isBuy": false, "qty": 250}, {"price": 10948, "isBuy": false, "qty": 250}], "bids": [{"price": 9848, "isBuy": true, "qty": 196}, {"price": 9703, "isBuy": true, "qty": 471}, {"price": 9655, "isBuy": true, "qty": 471}, {"price": 9607, "isBuy": true, "qty": 471}], "symbol": "BYWU", "venue": "EDENEX", "ts": "2016-04-18T03:38:03.538398402Z"}, {"ok": true, "asks": [{"price": 10693, "isBuy": false, "qty": 47}, {"price": 10727, "isBuy": false, "qty": 39}, {"price": 10780, "isBuy": false, "qty": 39}, {"price": 10805, "isBuy": false, "qty": 250}, {"price": 10833, "isBuy": false, "qty": 39}, {"price": 10948, "isBuy": false, "qty": 250}, {"price": 10948, "isBuy": false, "qty": 250}, {"price": 10948, "isBuy": false, "qty": 250}, {"price": 10948, "isBuy": false, "qty": 250}, {"price": 10948, "isBuy": false, "qty": 250}, {"price": 10948, "isBuy": false, "qty": 250}, {"price": 10948, "isBuy": false, "qty": 250}, {"price": 10948, "isBuy": false, "qty": 250}], "bids": [{"price": 9729, "isBuy": true, "qty": 449}, {"price": 9681, "isBuy": true, "qty": 449}, {"price": 9633, "isBuy": true, "qty": 449}], "symbol": "BYWU", "venue": "EDENEX", "ts": "2016-04-18T03:38:07.084359776Z"}, {"ok": true, "asks": [{"price": 10693, "isBuy": false, "qty": 47}, {"price": 10727, "isBuy": false, "qty": 39}, {"price": 10780, "isBuy": false, "qty": 39}, {"price": 10805, "isBuy": false, "qty": 250}, {"price": 10833, "isBuy": false, "qty": 39}, {"price": 10948, "isBuy": false, "qty": 250}, {"price": 10948, "isBuy": false, "qty": 250}, {"price": 10948, "isBuy": false, "qty": 250}, {"price": 10948, "isBuy": false, "qty": 250}, {"price": 10948, "isBuy": false, "qty": 250}, {"price": 10948, "isBuy": false, "qty": 250}, {"price": 10948, "isBuy": false, "qty": 250}, {"price": 10948, "isBuy": false, "qty": 250}, {"price": 10995, "isBuy": false, "qty": 250}], "bids": [{"price": 9729, "isBuy": true, "qty": 449}, {"price": 9681, "isBuy": true, "qty": 449}, {"price": 9633, "isBuy": true, "qty": 449}], "symbol": "BYWU", "venue": "EDENEX", "ts": "2016-04-18T03:38:08.985525062Z"}, {"ok": true, "asks": [{"price": 10693, "isBuy": false, "qty": 47}, {"price": 10727, "isBuy": false, "qty": 39}, {"price": 10780, "isBuy": false, "qty": 39}, {"price": 10805, "isBuy": false, "qty": 250}, {"price": 10833, "isBuy": false, "qty": 39}, {"price": 10948, "isBuy": false, "qty": 250}, {"price": 10948, "isBuy": false, "qty": 250}, {"price": 10948, "isBuy": false, "qty": 250}, {"price": 10948, "isBuy": false, "qty": 250}, {"price": 10948, "isBuy": false, "qty": 250}, {"price": 10948, "isBuy": false, "qty": 250}, {"price": 10948, "isBuy": false, "qty": 250}, {"price": 10948, "isBuy": false, "qty": 250}, {"price": 10995, "isBuy": false, "qty": 250}], "bids": [{"price": 9729, "isBuy": true, "qty": 449}, {"price": 9681, "isBuy": true, "qty": 449}, {"price": 9633, "isBuy": true, "qty": 449}], "symbol": "BYWU", "venue": "EDENEX", "ts": "2016-04-18T03:38:09.231445521Z"}, {"ok": true, "asks": [{"price": 10693, "isBuy": false, "qty": 47}, {"price": 10727, "isBuy": false, "qty": 39}, {"price": 10780, "isBuy": false, "qty": 39}, {"price": 10805, "isBuy": false, "qty": 250}, {"price": 10833, "isBuy": false, "qty": 39}, {"price": 10948, "isBuy": false, "qty": 250}, {"price": 10948, "isBuy": false, "qty": 250}, {"price": 10948, "isBuy": false, "qty": 250}, {"price": 10948, "isBuy": false, "qty": 250}, {"price": 10948, "isBuy": false, "qty": 250}, {"price": 10948, "isBuy": false, "qty": 250}, {"price": 10948, "isBuy": false, "qty": 250}, {"price": 10948, "isBuy": false, "qty": 250}, {"price": 10995, "isBuy": false, "qty": 250}], "bids": [{"price": 9729, "isBuy": true, "qty": 449}, {"price": 9681, "isBuy": true, "qty": 449}, {"price": 9633, "isBuy": true, "qty": 449}], "symbol": "BYWU", "venue": "EDENEX", "ts": "2016-04-18T03:38:09.464987449Z"}, {"ok": true, "asks": [{"price": 10693, "isBuy": false, "qty": 47}, {"price": 10727, "isBuy": false, "qty": 39}, {"price": 10780, "isBuy": false, "qty": 39}, {"price": 10805, "isBuy": false, "qty": 250}, {"price": 10833, "isBuy": false, "qty": 39}, {"price": 10948, "isBuy": false, "qty": 250}, {"price": 10948, "isBuy": false, "qty": 250}, {"price": 10948, "isBuy": false, "qty": 250}, {"price": 10948, "isBuy": false, "qty": 250}, {"price": 10948, "isBuy": false, "qty": 250}, {"price": 10948, "isBuy": false, "qty": 250}, {"price": 10948, "isBuy": false, "qty": 250}, {"price": 10948, "isBuy": false, "qty": 250}, {"price": 10995, "isBuy": false, "qty": 250}], "bids": [{"price": 9729, "isBuy": true, "qty": 449}, {"price": 9681, "isBuy": true, "qty": 449}, {"price": 9633, "isBuy": true, "qty": 449}], "symbol": "BYWU", "venue": "EDENEX", "ts": "2016-04-18T03:38:09.654800409Z"}, {"ok": true, "asks": [{"price": 10693, "isBuy": false, "qty": 47}, {"price": 10727, "isBuy": false, "qty": 39}, {"price": 10780, "isBuy": false, "qty": 39}, {"price": 10805, "isBuy": false, "qty": 250}, {"price": 10833, "isBuy": false, "qty": 39}, {"price": 10948, "isBuy": false, "qty": 250}, {"price": 10948, "isBuy": false, "qty": 250}, {"price": 10948, "isBuy": false, "qty": 250}, {"price": 10948, "isBuy": false, "qty": 250}, {"price": 10948, "isBuy": false, "qty": 250}, {"price": 10948, "isBuy": false, "qty": 250}, {"price": 10948, "isBuy": false, "qty": 250}, {"price": 10948, "isBuy": false, "qty": 250}, {"price": 10995, "isBuy": false, "qty": 250}], "bids": [{"price": 9729, "isBuy": true, "qty": 449}, {"price": 9681, "isBuy": true, "qty": 449}, {"price": 9633, "isBuy": true, "qty": 449}], "symbol": "BYWU", "venue": "EDENEX", "ts": "2016-04-18T03:38:09.864654447Z"}, {"ok": true, "asks": [{"price": 10693, "isBuy": false, "qty": 47}, {"price": 10727, "isBuy": false, "qty": 39}, {"price": 10780, "isBuy": false, "qty": 39}, {"price": 10805, "isBuy": false, "qty": 250}, {"price": 10833, "isBuy": false, "qty": 39}, {"price": 10948, "isBuy": false, "qty": 250}, {"price": 10948, "isBuy": false, "qty": 250}, {"price": 10948, "isBuy": false, "qty": 250}, {"price": 10948, "isBuy": false, "qty": 250}, {"price": 10948, "isBuy": false, "qty": 250}, {"price": 10948, "isBuy": false, "qty": 250}, {"price": 10948, "isBuy": false, "qty": 250}, {"price": 10948, "isBuy": false, "qty": 250}, {"price": 10995, "isBuy": false, "qty": 250}], "bids": [{"price": 9729, "isBuy": true, "qty": 449}, {"price": 9681, "isBuy": true, "qty": 449}, {"price": 9633, "isBuy": true, "qty": 449}], "symbol": "BYWU", "venue": "EDENEX", "ts": "2016-04-18T03:38:10.076661122Z"}, {"ok": true, "asks": [{"price": 10693, "isBuy": false, "qty": 47}, {"price": 10727, "isBuy": false, "qty": 39}, {"price": 10780, "isBuy": false, "qty": 39}, {"price": 10805, "isBuy": false, "qty": 250}, {"price": 10833, "isBuy": false, "qty": 39}, {"price": 10948, "isBuy": false, "qty": 250}, {"price": 10948, "isBuy": false, "qty": 250}, {"price": 10948, "isBuy": false, "qty": 250}, {"price": 10948, "isBuy": false, "qty": 250}, {"price": 10948, "isBuy": false, "qty": 250}, {"price": 10948, "isBuy": false, "qty": 250}, {"price": 10948, "isBuy": false, "qty": 250}, {"price": 10948, "isBuy": false, "qty": 250}, {"price": 10995, "isBuy": false, "qty": 250}], "bids": [{"price": 9729, "isBuy": true, "qty": 449}, {"price": 9681, "isBuy": true, "qty": 449}, {"price": 9633, "isBuy": true, "qty": 449}], "symbol": "BYWU", "venue": "EDENEX", "ts": "2016-04-18T03:38:10.248285372Z"}, {"ok": true, "asks": [{"price": 10693, "isBuy": false, "qty": 47}, {"price": 10727, "isBuy": false, "qty": 39}, {"price": 10780, "isBuy": false, "qty": 39}, {"price": 10805, "isBuy": false, "qty": 250}, {"price": 10833, "isBuy": false, "qty": 39}, {"price": 10948, "isBuy": false, "qty": 250}, {"price": 10948, "isBuy": false, "qty": 250}, {"price": 10948, "isBuy": false, "qty": 250}, {"price": 10948, "isBuy": false, "qty": 250}, {"price": 10948, "isBuy": false, "qty": 250}, {"price": 10948, "isBuy": false, "qty": 250}, {"price": 10948, "isBuy": false, "qty": 250}, {"price": 10948, "isBuy": false, "qty": 250}, {"price": 10995, "isBuy": false, "qty": 250}], "bids": [{"price": 9729, "isBuy": true, "qty": 449}, {"price": 9681, "isBuy": true, "qty": 449}, {"price": 9633, "isBuy": true, "qty": 449}], "symbol": "BYWU", "venue": "EDENEX", "ts": "2016-04-18T03:38:10.425685432Z"}, {"ok": true, "asks": [{"price": 10693, "isBuy": false, "qty": 47}, {"price": 10727, "isBuy": false, "qty": 39}, {"price": 10780, "isBuy": false, "qty": 39}, {"price": 10805, "isBuy": false, "qty": 250}, {"price": 10833, "isBuy": false, "qty": 39}, {"price": 10948, "isBuy": false, "qty": 250}, {"price": 10948, "isBuy": false, "qty": 250}, {"price": 10948, "isBuy": false, "qty": 250}, {"price": 10948, "isBuy": false, "qty": 250}, {"price": 10948, "isBuy": false, "qty": 250}, {"price": 10948, "isBuy": false, "qty": 250}, {"price": 10948, "isBuy": false, "qty": 250}, {"price": 10948, "isBuy": false, "qty": 250}, {"price": 10995, "isBuy": false, "qty": 250}], "bids": [{"price": 9729, "isBuy": true, "qty": 449}, {"price": 9681, "isBuy": true, "qty": 449}, {"price": 9633, "isBuy": true, "qty": 449}], "symbol": "BYWU", "venue": "EDENEX", "ts": "2016-04-18T03:38:10.615682588Z"}, {"ok": true, "asks": [{"price": 10573, "isBuy": false, "qty": 55}, {"price": 10625, "isBuy": false, "qty": 55}, {"price": 10677, "isBuy": false, "qty": 55}, {"price": 10805, "isBuy": false, "qty": 250}, {"price": 10948, "isBuy": false, "qty": 250}, {"price": 10948, "isBuy": false, "qty": 250}, {"price": 10948, "isBuy": false, "qty": 250}, {"price": 10948, "isBuy": false, "qty": 250}, {"price": 10948, "isBuy": false, "qty": 250}, {"price": 10948, "isBuy": false, "qty": 250}, {"price": 10948, "isBuy": false, "qty": 250}, {"price": 10948, "isBuy": false, "qty": 250}, {"price": 10995, "isBuy": false, "qty": 250}], "bids": [{"price": 10469, "isBuy": true, "qty": 445}, {"price": 10417, "isBuy": true, "qty": 445}, {"price": 10365, "isBuy": true, "qty": 445}, {"price": 10145, "isBuy": true, "qty": 16}], "symbol": "BYWU", "venue": "EDENEX", "ts": "2016-04-18T03:38:10.963924889Z"}, {"ok": true, "asks": [{"price": 10573, "isBuy": false, "qty": 55}, {"price": 10625, "isBuy": false, "qty": 55}, {"price": 10677, "isBuy": false, "qty": 55}, {"price": 10805, "isBuy": false, "qty": 250}, {"price": 10948, "isBuy": false, "qty": 250}, {"price": 10948, "isBuy": false, "qty": 250}, {"price": 10948, "isBuy": false, "qty": 250}, {"price": 10948, "isBuy": false, "qty": 250}, {"price": 10948, "isBuy": false, "qty": 250}, {"price": 10948, "isBuy": false, "qty": 250}, {"price": 10948, "isBuy": false, "qty": 250}, {"price": 10948, "isBuy": false, "qty": 250}, {"price": 10995, "isBuy": false, "qty": 250}], "bids": [{"price": 10469, "isBuy": true, "qty": 445}, {"price": 10417, "isBuy": true, "qty": 445}, {"price": 10365, "isBuy": true, "qty": 445}, {"price": 10145, "isBuy": true, "qty": 16}], "symbol": "BYWU", "venue": "EDENEX", "ts": "2016-04-18T03:38:11.204457066Z"}, {"ok": true, "asks": [{"price": 10573, "isBuy": false, "qty": 55}, {"price": 10625, "isBuy": false, "qty": 55}, {"price": 10677, "isBuy": false, "qty": 55}, {"price": 10805, "isBuy": false, "qty": 250}, {"price": 10948, "isBuy": false, "qty": 250}, {"price": 10948, "isBuy": false, "qty": 250}, {"price": 10948, "isBuy": false, "qty": 250}, {"price": 10948, "isBuy": false, "qty": 250}, {"price": 10948, "isBuy": false, "qty": 250}, {"price": 10948, "isBuy": false, "qty": 250}, {"price": 10948, "isBuy": false, "qty": 250}, {"price": 10948, "isBuy": false, "qty": 250}, {"price": 10995, "isBuy": false, "qty": 250}], "bids": [{"price": 10469, "isBuy": true, "qty": 445}, {"price": 10417, "isBuy": true, "qty": 445}, {"price": 10365, "isBuy": true, "qty": 445}, {"price": 10145, "isBuy": true, "qty": 16}], "symbol": "BYWU", "venue": "EDENEX", "ts": "2016-04-18T03:38:13.87119619Z"}, {"ok": true, "asks": [{"price": 10573, "isBuy": false, "qty": 55}, {"price": 10625, "isBuy": false, "qty": 55}, {"price": 10677, "isBuy": false, "qty": 55}, {"price": 10805, "isBuy": false, "qty": 250}, {"price": 10890, "isBuy": false, "qty": 250}, {"price": 10948, "isBuy": false, "qty": 250}, {"price": 10948, "isBuy": false, "qty": 250}, {"price": 10948, "isBuy": false, "qty": 250}, {"price": 10948, "isBuy": false, "qty": 250}, {"price": 10948, "isBuy": false, "qty": 250}, {"price": 10948, "isBuy": false, "qty": 250}, {"price": 10948, "isBuy": false, "qty": 250}, {"price": 10948, "isBuy": false, "qty": 250}, {"price": 10995, "isBuy": false, "qty": 250}], "bids": [{"price": 10469, "isBuy": true, "qty": 445}, {"price": 10417, "isBuy": true, "qty": 445}, {"price": 10365, "isBuy": true, "qty": 445}, {"price": 10145, "isBuy": true, "qty": 16}], "symbol": "BYWU", "venue": "EDENEX", "ts": "2016-04-18T03:38:15.083840916Z"}, {"ok": true, "asks": [{"price": 10573, "isBuy": false, "qty": 55}, {"price": 10625, "isBuy": false, "qty": 55}, {"price": 10677, "isBuy": false, "qty": 55}, {"price": 10805, "isBuy": false, "qty": 250}, {"price": 10890, "isBuy": false, "qty": 250}, {"price": 10948, "isBuy": false, "qty": 250}, {"price": 10948, "isBuy": false, "qty": 250}, {"price": 10948, "isBuy": false, "qty": 250}, {"price": 10948, "isBuy": false, "qty": 250}, {"price": 10948, "isBuy": false, "qty": 250}, {"price": 10948, "isBuy": false, "qty": 250}, {"price": 10948, "isBuy": false, "qty": 250}, {"price": 10948, "isBuy": false, "qty": 250}, {"price": 10995, "isBuy": false, "qty": 250}], "bids": [{"price": 10469, "isBuy": true, "qty": 445}, {"price": 10417, "isBuy": true, "qty": 445}, {"price": 10365, "isBuy": true, "qty": 445}, {"price": 10145, "isBuy": true, "qty": 16}], "symbol": "BYWU", "venue": "EDENEX", "ts": "2016-04-18T03:38:15.256022276Z"}, {"ok": true, "asks": [{"price": 10573, "isBuy": false, "qty": 55}, {"price": 10625, "isBuy": false, "qty": 55}, {"price": 10677, "isBuy": false, "qty": 55}, {"price": 10805, "isBuy": false, "qty": 250}, {"price": 10890, "isBuy": false, "qty": 250}, {"price": 10948, "isBuy": false, "qty": 250}, {"price": 10948, "isBuy": false, "qty": 250}, {"price": 10948, "isBuy": false, "qty": 250}, {"price": 10948, "isBuy": false, "qty": 250}, {"price": 10948, "isBuy": false, "qty": 250}, {"price": 10948, "isBuy": false, "qty": 250}, {"price": 10948, "isBuy": false, "qty": 250}, {"price": 10948, "isBuy": false, "qty": 250}, {"price": 10995, "isBuy": false, "qty": 250}], "bids": [{"price": 10469, "isBuy": true, "qty": 445}, {"price": 10417, "isBuy": true, "qty": 445}, {"price": 10365, "isBuy": true, "qty": 445}, {"price": 10145, "isBuy": true, "qty": 16}], "symbol": "BYWU", "venue": "EDENEX", "ts": "2016-04-18T03:38:15.423838487Z"}, {"ok": true, "asks": [{"price": 10573, "isBuy": false, "qty": 55}, {"price": 10625, "isBuy": false, "qty": 55}, {"price": 10677, "isBuy": false, "qty": 55}, {"price": 10805, "isBuy": false, "qty": 250}, {"price": 10890, "isBuy": false, "qty": 250}, {"price": 10948, "isBuy": false, "qty": 250}, {"price": 10948, "isBuy": false, "qty": 250}, {"price": 10948, "isBuy": false, "qty": 250}, {"price": 10948, "isBuy": false, "qty": 250}, {"price": 10948, "isBuy": false, "qty": 250}, {"price": 10948, "isBuy": false, "qty": 250}, {"price": 10948, "isBuy": false, "qty": 250}, {"price": 10948, "isBuy": false, "qty": 250}, {"price": 10995, "isBuy": false, "qty": 250}], "bids": [{"price": 10469, "isBuy": true, "qty": 187}, {"price": 10417, "isBuy": true, "qty": 445}, {"price": 10365, "isBuy": true, "qty": 445}], "symbol": "BYWU", "venue": "EDENEX", "ts": "2016-04-18T03:38:15.643249958Z"}, {"ok": true, "asks": [{"price": 10805, "isBuy": false, "qty": 250}, {"price": 10890, "isBuy": false, "qty": 250}, {"price": 10948, "isBuy": false, "qty": 250}, {"price": 10948, "isBuy": false, "qty": 250}, {"price": 10948, "isBuy": false, "qty": 250}, {"price": 10948, "isBuy": false, "qty": 250}, {"price": 10948, "isBuy": false, "qty": 250}, {"price": 10948, "isBuy": false, "qty": 250}, {"price": 10948, "isBuy": false, "qty": 250}, {"price": 10948, "isBuy": false, "qty": 250}, {"price": 10995, "isBuy": false, "qty": 250}], "bids": [{"price": 10666, "isBuy": true, "qty": 435}, {"price": 10613, "isBuy": true, "qty": 435}, {"price": 10560, "isBuy": true, "qty": 435}], "symbol": "BYWU", "venue": "EDENEX", "ts": "2016-04-18T03:38:15.877935684Z"}, {"ok": true, "asks": [{"price": 10805, "isBuy": false, "qty": 250}, {"price": 10890, "isBuy": false, "qty": 250}, {"price": 10948, "isBuy": false, "qty": 250}, {"price": 10948, "isBuy": false, "qty": 250}, {"price": 10948, "isBuy": false, "qty": 250}, {"price": 10948, "isBuy": false, "qty": 250}, {"price": 10948, "isBuy": false, "qty": 250}, {"price": 10948, "isBuy": false, "qty": 250}, {"price": 10948, "isBuy": false, "qty": 250}, {"price": 10948, "isBuy": false, "qty": 250}, {"price": 10995, "isBuy": false, "qty": 250}], "bids": [{"price": 10666, "isBuy": true, "qty": 435}, {"price": 10613, "isBuy": true, "qty": 435}, {"price": 10560, "isBuy": true, "qty": 435}], "symbol": "BYWU", "venue": "EDENEX", "ts": "2016-04-18T03:38:16.058541991Z"}, {"ok": true, "asks": [{"price": 10805, "isBuy": false, "qty": 250}, {"price": 10890, "isBuy": false, "qty": 250}, {"price": 10948, "isBuy": false, "qty": 250}, {"price": 10948, "isBuy": false, "qty": 250}, {"price": 10948, "isBuy": false, "qty": 250}, {"price": 10948, "isBuy": false, "qty": 250}, {"price": 10948, "isBuy": false, "qty": 250}, {"price": 10948, "isBuy": false, "qty": 250}, {"price": 10948, "isBuy": false, "qty": 250}, {"price": 10948, "isBuy": false, "qty": 250}, {"price": 10995, "isBuy": false, "qty": 250}], "bids": [{"price": 10666, "isBuy": true, "qty": 435}, {"price": 10613, "isBuy": true, "qty": 435}, {"price": 10560, "isBuy": true, "qty": 435}], "symbol": "BYWU", "venue": "EDENEX", "ts": "2016-04-18T03:38:16.244154778Z"}, {"ok": true, "asks": [{"price": 10805, "isBuy": false, "qty": 250}, {"price": 10890, "isBuy": false, "qty": 250}, {"price": 10948, "isBuy": false, "qty": 250}, {"price": 10948, "isBuy": false, "qty": 250}, {"price": 10948, "isBuy": false, "qty": 250}, {"price": 10948, "isBuy": false, "qty": 250}, {"price": 10948, "isBuy": false, "qty": 250}, {"price": 10948, "isBuy": false, "qty": 250}, {"price": 10948, "isBuy": false, "qty": 250}, {"price": 10948, "isBuy": false, "qty": 250}, {"price": 10995, "isBuy": false, "qty": 250}], "bids": [{"price": 10666, "isBuy": true, "qty": 435}, {"price": 10613, "isBuy": true, "qty": 435}, {"price": 10560, "isBuy": true, "qty": 435}], "symbol": "BYWU", "venue": "EDENEX", "ts": "2016-04-18T03:38:16.443384612Z"}, {"ok": true, "asks": [{"price": 10805, "isBuy": false, "qty": 250}, {"price": 10890, "isBuy": false, "qty": 250}, {"price": 10948, "isBuy": false, "qty": 250}, {"price": 10948, "isBuy": false, "qty": 250}, {"price": 10948, "isBuy": false, "qty": 250}, {"price": 10948, "isBuy": false, "qty": 250}, {"price": 10948, "isBuy": false, "qty": 250}, {"price": 10948, "isBuy": false, "qty": 250}, {"price": 10948, "isBuy": false, "qty": 250}, {"price": 10948, "isBuy": false, "qty": 250}, {"price": 10995, "isBuy": false, "qty": 250}], "bids": [{"price": 10666, "isBuy": true, "qty": 435}, {"price": 10613, "isBuy": true, "qty": 435}, {"price": 10560, "isBuy": true, "qty": 435}], "symbol": "BYWU", "venue": "EDENEX", "ts": "2016-04-18T03:38:16.810812688Z"}, {"ok": true, "asks": [{"price": 10805, "isBuy": false, "qty": 250}, {"price": 10890, "isBuy": false, "qty": 250}, {"price": 10948, "isBuy": false, "qty": 250}, {"price": 10948, "isBuy": false, "qty": 250}, {"price": 10948, "isBuy": false, "qty": 250}, {"price": 10948, "isBuy": false, "qty": 250}, {"price": 10948, "isBuy": false, "qty": 250}, {"price": 10948, "isBuy": false, "qty": 250}, {"price": 10948, "isBuy": false, "qty": 250}, {"price": 10948, "isBuy": false, "qty": 250}, {"price": 10995, "isBuy": false, "qty": 250}], "bids": [{"price": 10666, "isBuy": true, "qty": 435}, {"price": 10613, "isBuy": true, "qty": 435}, {"price": 10560, "isBuy": true, "qty": 435}], "symbol": "BYWU", "venue": "EDENEX", "ts": "2016-04-18T03:38:17.003013507Z"}, {"ok": true, "asks": [{"price": 10805, "isBuy": false, "qty": 250}, {"price": 10890, "isBuy": false, "qty": 250}, {"price": 10948, "isBuy": false, "qty": 250}, {"price": 10948, "isBuy": false, "qty": 250}, {"price": 10948, "isBuy": false, "qty": 250}, {"price": 10948, "isBuy": false, "qty": 250}, {"price": 10948, "isBuy": false, "qty": 250}, {"price": 10948, "isBuy": false, "qty": 250}, {"price": 10948, "isBuy": false, "qty": 250}, {"price": 10948, "isBuy": false, "qty": 250}, {"price": 10995, "isBuy": false, "qty": 250}], "bids": [{"price": 10666, "isBuy": true, "qty": 435}, {"price": 10613, "isBuy": true, "qty": 435}, {"price": 10560, "isBuy": true, "qty": 435}], "symbol": "BYWU", "venue": "EDENEX", "ts": "2016-04-18T03:38:17.264562337Z"}, {"ok": true, "asks": [{"price": 10805, "isBuy": false, "qty": 250}, {"price": 10890, "isBuy": false, "qty": 250}, {"price": 10948, "isBuy": false, "qty": 250}, {"price": 10948, "isBuy": false, "qty": 250}, {"price": 10948, "isBuy": false, "qty": 250}, {"price": 10948, "isBuy": false, "qty": 250}, {"price": 10948, "isBuy": false, "qty": 250}, {"price": 10948, "isBuy": false, "qty": 250}, {"price": 10948, "isBuy": false, "qty": 250}, {"price": 10948, "isBuy": false, "qty": 250}, {"price": 10995, "isBuy": false, "qty": 250}], "bids": [{"price": 10666, "isBuy": true, "qty": 435}, {"price": 10613, "isBuy": true, "qty": 435}, {"price": 10560, "isBuy": true, "qty": 435}], "symbol": "BYWU", "venue": "EDENEX", "ts": "2016-04-18T03:38:19.721475873Z"}, {"ok": true, "asks": [{"price": 10805, "isBuy": false, "qty": 250}, {"price": 10849, "isBuy": false, "qty": 64}, {"price": 10890, "isBuy": false, "qty": 250}, {"price": 10902, "isBuy": false, "qty": 64}, {"price": 10948, "isBuy": false, "qty": 250}, {"price": 10948, "isBuy": false, "qty": 250}, {"price": 10948, "isBuy": false, "qty": 250}, {"price": 10948, "isBuy": false, "qty": 250}, {"price": 10948, "isBuy": false, "qty": 250}, {"price": 10948, "isBuy": false, "qty": 250}, {"price": 10948, "isBuy": false, "qty": 250}, {"price": 10948, "isBuy": false, "qty": 250}, {"price": 10955, "isBuy": false, "qty": 64}, {"price": 10995, "isBuy": false, "qty": 250}, {"price": 11162, "isBuy": false, "qty": 250}], "bids": [{"price": 10386, "isBuy": true, "qty": 435}, {"price": 10334, "isBuy": true, "qty": 435}, {"price": 10282, "isBuy": true, "qty": 435}], "symbol": "BYWU", "venue": "EDENEX", "ts": "2016-04-18T03:38:20.883385724Z"}, {"ok": true, "asks": [{"price": 10805, "isBuy": false, "qty": 250}, {"price": 10849, "isBuy": false, "qty": 64}, {"price": 10890, "isBuy": false, "qty": 250}, {"price": 10902, "isBuy": false, "qty": 64}, {"price": 10948, "isBuy": false, "qty": 250}, {"price": 10948, "isBuy": false, "qty": 250}, {"price": 10948, "isBuy": false, "qty": 250}, {"price": 10948, "isBuy": false, "qty": 250}, {"price": 10948, "isBuy": false, "qty": 250}, {"price": 10948, "isBuy": false, "qty": 250}, {"price": 10948, "isBuy": false, "qty": 250}, {"price": 10948, "isBuy": false, "qty": 250}, {"price": 10955, "isBuy": false, "qty": 64}, {"price": 10995, "isBuy": false, "qty": 250}, {"price": 11162, "isBuy": false, "qty": 250}], "bids": [{"price": 10386, "isBuy": true, "qty": 435}, {"price": 10334, "isBuy": true, "qty": 435}, {"price": 10282, "isBuy": true, "qty": 435}], "symbol": "BYWU", "venue": "EDENEX", "ts": "2016-04-18T03:38:21.030972483Z"}, {"ok": true, "asks": [{"price": 10805, "isBuy": false, "qty": 250}, {"price": 10849, "isBuy": false, "qty": 64}, {"price": 10890, "isBuy": false, "qty": 250}, {"price": 10902, "isBuy": false, "qty": 64}, {"price": 10948, "isBuy": false, "qty": 250}, {"price": 10948, "isBuy": false, "qty": 250}, {"price": 10948, "isBuy": false, "qty": 250}, {"price": 10948, "isBuy": false, "qty": 250}, {"price": 10948, "isBuy": false, "qty": 250}, {"price": 10948, "isBuy": false, "qty": 250}, {"price": 10948, "isBuy": false, "qty": 250}, {"price": 10948, "isBuy": false, "qty": 250}, {"price": 10955, "isBuy": false, "qty": 64}, {"price": 10995, "isBuy": false, "qty": 250}, {"price": 11162, "isBuy": false, "qty": 250}