[{"ok": true, "asks": null, "bids": [{"price": 7041, "isBuy": true, "qty": 298}, {"price": 6891, "isBuy": true, "qty": 304}, {"price": 6528, "isBuy": true, "qty": 5200}, {"price": 6496, "isBuy": true, "qty": 5200}, {"price": 6464, "isBuy": true, "qty": 5200}], "symbol": "OIM", "venue": "OBMEX", "ts": "2016-05-02T07:23:56.041238039Z"}, {"ok": true, "asks": null, "bids": [{"price": 7041, "isBuy": true, "qty": 298}, {"price": 6891, "isBuy": true, "qty": 304}, {"price": 6528, "isBuy": true, "qty": 5200}, {"price": 6496, "isBuy": true, "qty": 5200}, {"price": 6464, "isBuy": true, "qty": 5200}], "symbol": "OIM", "venue": "OBMEX", "ts": "2016-05-02T07:23:58.187407022Z"}, {"ok": true, "asks": null, "bids": [{"price": 7041, "isBuy": true, "qty": 298}, {"price": 6891, "isBuy": true, "qty": 304}, {"price": 6528, "isBuy": true, "qty": 5200}, {"price": 6496, "isBuy": true, "qty": 5200}, {"price": 6464, "isBuy": true, "qty": 5200}], "symbol": "OIM", "venue": "OBMEX", "ts": "2016-05-02T07:24:00.005467257Z"}, {"ok": true, "asks": [{"price": 7072, "isBuy": false, "qty": 40}, {"price": 7179, "isBuy": false, "qty": 4804}, {"price": 7214, "isBuy": false, "qty": 4804}, {"price": 7249, "isBuy": false, "qty": 4804}], "bids": null, "symbol": "OIM", "venue": "OBMEX", "ts": "2016-05-02T07:24:01.834835967Z"}, {"ok": true, "asks": [{"price": 7072, "isBuy": false, "qty": 40}, {"price": 7107, "isBuy": false, "qty": 500}, {"price": 7179, "isBuy": false, "qty": 4804}, {"price": 7214, "isBuy": false, "qty": 4804}, {"price": 7249, "isBuy": false, "qty": 4804}], "bids": null, "symbol": "OIM", "venue": "OBMEX", "ts": "2016-05-02T07:24:04.351457182Z"}, {"ok": true, "asks": [{"price": 7072, "isBuy": false, "qty": 40}, {"price": 7107, "isBuy": false, "qty": 500}, {"price": 7179, "isBuy": false, "qty": 4804}, {"price": 7214, "isBuy": false, "qty": 4804}, {"price": 7249, "isBuy": false, "qty": 4804}], "bids": null, "symbol": "OIM", "venue": "OBMEX", "ts": "2016-05-02T07:24:04.523783683Z"}, {"ok": true, "asks": [{"price": 6921, "isBuy": false, "qty": 4782}, {"price": 6955, "isBuy": false, "qty": 4782}, {"price": 6989, "isBuy": false, "qty": 4782}, {"price": 7035, "isBuy": false, "qty": 250}, {"price": 7107, "isBuy": false, "qty": 500}], "bids": [{"price": 6853, "isBuy": true, "qty": 5217}, {"price": 6819, "isBuy": true, "qty": 5191}, {"price": 6785, "isBuy": true, "qty": 5191}], "symbol": "OIM", "venue": "OBMEX", "ts": "2016-05-02T07:24:06.018385282Z"}, {"ok": true, "asks": [{"price": 6921, "isBuy": false, "qty": 4782}, {"price": 6955, "isBuy": false, "qty": 4782}, {"price": 6989, "isBuy": false, "qty": 4782}, {"price": 7035, "isBuy": false, "qty": 250}, {"price": 7107, "isBuy": false, "qty": 500}], "bids": [{"price": 6853, "isBuy": true, "qty": 5217}, {"price": 6819, "isBuy": true, "qty": 5191}, {"price": 6785, "isBuy": true, "qty": 5191}], "symbol": "OIM", "venue": "OBMEX", "ts": "2016-05-02T07:24:06.856506638Z"}, {"ok": true, "asks": [{"price": 6921, "isBuy": false, "qty": 4782}, {"price": 6955, "isBuy": false, "qty": 4782}, {"price": 6989, "isBuy": false, "qty": 4782}, {"price": 7107, "isBuy": false, "qty": 500}], "bids": [{"price": 6853, "isBuy": true, "qty": 5217}, {"price": 6819, "isBuy": true, "qty": 5191}, {"price": 6785, "isBuy": true, "qty": 5191}], "symbol": "OIM", "venue": "OBMEX", "ts": "2016-05-02T07:24:07.187578432Z"}, {"ok": true, "asks": [{"price": 6885, "isBuy": false, "qty": 250}, {"price": 6921, "isBuy": false, "qty": 4782}, {"price": 6955, "isBuy": false, "qty": 4782}, {"price": 6989, "isBuy": false, "qty": 4782}], "bids": [{"price": 6853, "isBuy": true, "qty": 5217}, {"price": 6819, "isBuy": true, "qty": 5191}, {"price": 6785, "isBuy": true, "qty": 5191}], "symbol": "OIM", "venue": "OBMEX", "ts": "2016-05-02T07:24:07.873173168Z"}, {"ok": true, "asks": [{"price": 6885, "isBuy": false, "qty": 250}, {"price": 6921, "isBuy": false, "qty": 4782}, {"price": 6955, "isBuy": false, "qty": 4782}, {"price": 6989, "isBuy": false, "qty": 4782}], "bids": [{"price": 6853, "isBuy": true, "qty": 4842}, {"price": 6819, "isBuy": true, "qty": 5191}, {"price": 6785, "isBuy": true, "qty": 5191}], "symbol": "OIM", "venue": "OBMEX", "ts": "2016-05-02T07:24:09.662244845Z"}, {"ok": true, "asks": [{"price": 6885, "isBuy": false, "qty": 250}, {"price": 6921, "isBuy": false, "qty": 4782}, {"price": 6955, "isBuy": false, "qty": 4782}, {"price": 6989, "isBuy": false, "qty": 4782}], "bids": [{"price": 6853, "isBuy": true, "qty": 4842}, {"price": 6819, "isBuy": true, "qty": 5191}, {"price": 6785, "isBuy": true, "qty": 5191}], "symbol": "OIM", "venue": "OBMEX", "ts": "2016-05-02T07:24:09.679851281Z"}, {"ok": true, "asks": null, "bids": [{"price": 6942, "isBuy": true, "qty": 20}, {"price": 6736, "isBuy": true, "qty": 311}, {"price": 6434, "isBuy": true, "qty": 5242}, {"price": 6402, "isBuy": true, "qty": 5242}, {"price": 6370, "isBuy": true, "qty": 5242}], "symbol": "OIM", "venue": "OBMEX", "ts": "2016-05-02T07:24:11.507597915Z"}, {"ok": true, "asks": null, "bids": [{"price": 6942, "isBuy": true, "qty": 20}, {"price": 6803, "isBuy": true, "qty": 906}, {"price": 6736, "isBuy": true, "qty": 311}, {"price": 6434, "isBuy": true, "qty": 5242}, {"price": 6402, "isBuy": true, "qty": 5242}, {"price": 6370, "isBuy": true, "qty": 5242}], "symbol": "OIM", "venue": "OBMEX", "ts": "2016-05-02T07:24:13.535741948Z"}, {"ok": true, "asks": null, "bids": [{"price": 6942, "isBuy": true, "qty": 20}, {"price": 6803, "isBuy": true, "qty": 906}, {"price": 6736, "isBuy": true, "qty": 311}, {"price": 6434, "isBuy": true, "qty": 5242}, {"price": 6402, "isBuy": true, "qty": 5242}, {"price": 6370, "isBuy": true, "qty": 5242}], "symbol": "OIM", "venue": "OBMEX", "ts": "2016-05-02T07:24:14.181277202Z"}, {"ok": true, "asks": null, "bids": [{"price": 6942, "isBuy": true, "qty": 20}, {"price": 6803, "isBuy": true, "qty": 906}, {"price": 6736, "isBuy": true, "qty": 311}, {"price": 6434, "isBuy": true, "qty": 5242}, {"price": 6402, "isBuy": true, "qty": 5242}, {"price": 6370, "isBuy": true, "qty": 5242}], "symbol": "OIM", "venue": "OBMEX", "ts": "2016-05-02T07:24:14.657127158Z"}, {"ok": true, "asks": [{"price": 7078, "isBuy": false, "qty": 4757}, {"price": 7113, "isBuy": false, "qty": 4757}, {"price": 7148, "isBuy": false, "qty": 4757}], "bids": [{"price": 6803, "isBuy": true, "qty": 556}], "symbol": "OIM", "venue": "OBMEX", "ts": "2016-05-02T07:24:16.529725476Z"}, {"ok": true, "asks": [{"price": 7078, "isBuy": false, "qty": 4757}, {"price": 7113, "isBuy": false, "qty": 4757}, {"price": 7148, "isBuy": false, "qty": 4757}], "bids": [{"price": 6803, "isBuy": true, "qty": 556}], "symbol": "OIM", "venue": "OBMEX", "ts": "2016-05-02T07:24:16.547811149Z"}, {"ok": true, "asks": [{"price": 7041, "isBuy": false, "qty": 269}, {"price": 7078, "isBuy": false, "qty": 4757}, {"price": 7113, "isBuy": false, "qty": 4757}, {"price": 7148, "isBuy": false, "qty": 4757}], "bids": [{"price": 6803, "isBuy": true, "qty": 556}], "symbol": "OIM", "venue": "OBMEX", "ts": "2016-05-02T07:24:18.830929854Z"}, {"ok": true, "asks": [{"price": 7041, "isBuy": false, "qty": 269}, {"price": 7078, "isBuy": false, "qty": 4757}, {"price": 7113, "isBuy": false, "qty": 4757}, {"price": 7148, "isBuy": false, "qty": 4757}], "bids": [{"price": 6803, "isBuy": true, "qty": 556}], "symbol": "OIM", "venue": "OBMEX", "ts": "2016-05-02T07:24:18.863821433Z"}, {"ok": true, "asks": [{"price": 7041, "isBuy": false, "qty": 269}, {"price": 7078, "isBuy": false, "qty": 4757}, {"price": 7113, "isBuy": false, "qty": 4757}, {"price": 7148, "isBuy": false, "qty": 4757}], "bids": [{"price": 6803, "isBuy": true, "qty": 556}], "symbol": "OIM", "venue": "OBMEX", "ts": "2016-05-02T07:24:19.028718487Z"}, {"ok": true, "asks": [{"price": 7007, "isBuy": false, "qty": 134}, {"price": 7041, "isBuy": false, "qty": 269}, {"price": 7078, "isBuy": false, "qty": 4757}, {"price": 7113, "isBuy": false, "qty": 4757}, {"price": 7148, "isBuy": false, "qty": 4757}], "bids": [{"price": 6803, "isBuy": true, "qty": 556}], "symbol": "OIM", "venue": "OBMEX", "ts": "2016-05-02T07:24:20.838709378Z"}, {"ok": true, "asks": [{"price": 7042, "isBuy": false, "qty": 4748}, {"price": 7077, "isBuy": false, "qty": 4757}, {"price": 7112, "isBuy": false, "qty": 4757}], "bids": [{"price": 7034, "isBuy": true, "qty": 164}, {"price": 6972, "isBuy": true, "qty": 5199}, {"price": 6937, "isBuy": true, "qty": 5199}, {"price": 6931, "isBuy": true, "qty": 190}, {"price": 6902, "isBuy": true, "qty": 5199}, {"price": 6803, "isBuy": true, "qty": 556}], "symbol": "OIM", "venue": "OBMEX", "ts": "2016-05-02T07:24:21.35668734Z"}, {"ok": true, "asks": [{"price": 7042, "isBuy": false, "qty": 4748}, {"price": 7077, "isBuy": false, "qty": 4757}, {"price": 7112, "isBuy": false, "qty": 4757}], "bids": [{"price": 7034, "isBuy": true, "qty": 97}, {"price": 6972, "isBuy": true, "qty": 5199}, {"price": 6937, "isBuy": true, "qty": 5199}, {"price": 6931, "isBuy": true, "qty": 190}, {"price": 6902, "isBuy": true, "qty": 5199}, {"price": 6803, "isBuy": true, "qty": 556}], "symbol": "OIM", "venue": "OBMEX", "ts": "2016-05-02T07:24:22.65672352Z"}, {"ok": true, "asks": [{"price": 7042, "isBuy": false, "qty": 4748}, {"price": 7077, "isBuy": false, "qty": 4757}, {"price": 7112, "isBuy": false, "qty": 4757}], "bids": [{"price": 7034, "isBuy": true, "qty": 97}, {"price": 6972, "isBuy": true, "qty": 5199}, {"price": 6937, "isBuy": true, "qty": 5199}, {"price": 6931, "isBuy": true, "qty": 190}, {"price": 6902, "isBuy": true, "qty": 5199}, {"price": 6803, "isBuy": true, "qty": 556}], "symbol": "OIM", "venue": "OBMEX", "ts": "2016-05-02T07:24:23.689564825Z"}, {"ok": true, "asks": [{"price": 7042, "isBuy": false, "qty": 4748}, {"price": 7077, "isBuy": false, "qty": 4757}, {"price": 7112, "isBuy": false, "qty": 4757}], "bids": [{"price": 7034, "isBuy": true, "qty": 63}, {"price": 6972, "isBuy": true, "qty": 5199}, {"price": 6937, "isBuy": true, "qty": 5199}, {"price": 6931, "isBuy": true, "qty": 190}, {"price": 6902, "isBuy": true, "qty": 5199}, {"price": 6803, "isBuy": true, "qty": 556}], "symbol": "OIM", "venue": "OBMEX", "ts": "2016-05-02T07:24:24.536055005Z"}, {"ok": true, "asks": [{"price": 6905, "isBuy": false, "qty": 4747}], "bids": [{"price": 6803, "isBuy": true, "qty": 440}, {"price": 6571, "isBuy": true, "qty": 22}, {"price": 6538, "isBuy": true, "qty": 22}, {"price": 6505, "isBuy": true, "qty": 22}], "symbol": "OIM", "venue": "OBMEX", "ts": "2016-05-02T07:24:26.05214732Z"}, {"ok": true, "asks": null, "bids": [{"price": 6571, "isBuy": true, "qty": 5230}, {"price": 6538, "isBuy": true, "qty": 5230}, {"price": 6505, "isBuy": true, "qty": 5230}], "symbol": "OIM", "venue": "OBMEX", "ts": "2016-05-02T07:24:26.371861687Z"}, {"ok": true, "asks": null, "bids": [{"price": 6603, "isBuy": true, "qty": 933}, {"price": 6571, "isBuy": true, "qty": 5230}, {"price": 6538, "isBuy": true, "qty": 5230}, {"price": 6505, "isBuy": true, "qty": 5230}], "symbol": "OIM", "venue": "OBMEX", "ts": "2016-05-02T07:24:28.203449076Z"}, {"ok": true, "asks": null, "bids": [{"price": 6603, "isBuy": true, "qty": 933}, {"price": 6571, "isBuy": true, "qty": 5230}, {"price": 6538, "isBuy": true, "qty": 5230}, {"price": 6505, "isBuy": true, "qty": 5230}], "symbol": "OIM", "venue": "OBMEX", "ts": "2016-05-02T07:24:28.593591047Z"}, {"ok": true, "asks": null, "bids": [{"price": 6636, "isBuy": true, "qty": 933}, {"price": 6571, "isBuy": true, "qty": 5230}, {"price": 6538, "isBuy": true, "qty": 5230}, {"price": 6505, "isBuy": true, "qty": 5230}], "symbol": "OIM", "venue": "OBMEX", "ts": "2016-05-02T07:24:30.107268131Z"}, {"ok": true, "asks": [{"price": 7147, "isBuy": false, "qty": 4777}, {"price": 7182, "isBuy": false, "qty": 4777}, {"price": 7217, "isBuy": false, "qty": 4777}], "bids": [{"price": 7112, "isBuy": true, "qty": 222}, {"price": 6988, "isBuy": true, "qty": 5222}, {"price": 6953, "isBuy": true, "qty": 5222}, {"price": 6918, "isBuy": true, "qty": 5222}, {"price": 6636, "isBuy": true, "qty": 933}], "symbol": "OIM", "venue": "OBMEX", "ts": "2016-05-02T07:24:31.150707632Z"}, {"ok": true, "asks": [{"price": 7147, "isBuy": false, "qty": 4777}, {"price": 7182, "isBuy": false, "qty": 4777}, {"price": 7217, "isBuy": false, "qty": 4777}], "bids": [{"price": 7112, "isBuy": true, "qty": 222}, {"price": 6988, "isBuy": true, "qty": 5222}, {"price": 6953, "isBuy": true, "qty": 5222}, {"price": 6918, "isBuy": true, "qty": 5222}, {"price": 6636, "isBuy": true, "qty": 933}, {"price": 6636, "isBuy": true, "qty": 467}], "symbol": "OIM", "venue": "OBMEX", "ts": "2016-05-02T07:24:32.014765963Z"}, {"ok": true, "asks": [{"price": 7147, "isBuy": false, "qty": 4777}, {"price": 7182, "isBuy": false, "qty": 4777}, {"price": 7217, "isBuy": false, "qty": 4777}], "bids": [{"price": 7112, "isBuy": true, "qty": 156}, {"price": 6988, "isBuy": true, "qty": 5222}, {"price": 6953, "isBuy": true, "qty": 5222}, {"price": 6918, "isBuy": true, "qty": 5222}, {"price": 6636, "isBuy": true, "qty": 933}, {"price": 6636, "isBuy": true, "qty": 467}], "symbol": "OIM", "venue": "OBMEX", "ts": "2016-05-02T07:24:33.525189845Z"}, {"ok": true, "asks": [{"price": 7147, "isBuy": false, "qty": 4777}, {"price": 7182, "isBuy": false, "qty": 4777}, {"price": 7217, "isBuy": false, "qty": 4777}], "bids": [{"price": 7112, "isBuy": true, "qty": 156}, {"price": 6988, "isBuy": true, "qty": 5222}, {"price": 6953, "isBuy": true, "qty": 5222}, {"price": 6918, "isBuy": true, "qty": 5222}, {"price": 6636, "isBuy": true, "qty": 933}, {"price": 6636, "isBuy": true, "qty": 467}], "symbol": "OIM", "venue": "OBMEX", "ts": "2016-05-02T07:24:33.699598147Z"}, {"ok": true, "asks": [{"price": 7147, "isBuy": false, "qty": 4777}, {"price": 7182, "isBuy": false, "qty": 4777}, {"price": 7217, "isBuy": false, "qty": 4777}], "bids": [{"price": 7112, "isBuy": true, "qty": 156}, {"price": 6988, "isBuy": true, "qty": 5222}, {"price": 6953, "isBuy": true, "qty": 5222}, {"price": 6918, "isBuy": true, "qty": 5222}, {"price": 6636, "isBuy": true, "qty": 933}, {"price": 6636, "isBuy": true, "qty": 467}], "symbol": "OIM", "venue": "OBMEX", "ts": "2016-05-02T07:24:33.89467977Z"}, {"ok": true, "asks": [{"price": 7147, "isBuy": false, "qty": 4777}, {"price": 7182, "isBuy": false, "qty": 4777}, {"price": 7217, "isBuy": false, "qty": 4777}], "bids": [{"price": 7112, "isBuy": true, "qty": 123}, {"price": 6988, "isBuy": true, "qty": 5222}, {"price": 6953, "isBuy": true, "qty": 5222}, {"price": 6918, "isBuy": true, "qty": 5222}, {"price": 6636, "isBuy": true, "qty": 933}, {"price": 6636, "isBuy": true, "qty": 467}], "symbol": "OIM", "venue": "OBMEX", "ts": "2016-05-02T07:24:35.80668189Z"}, {"ok": true, "asks": [{"price": 7056, "isBuy": false, "qty": 4782}, {"price": 7091, "isBuy": false, "qty": 4782}, {"price": 7126, "isBuy": false, "qty": 4782}], "bids": [{"price": 6986, "isBuy": true, "qty": 5181}, {"price": 6951, "isBuy": true, "qty": 5181}, {"price": 6916, "isBuy": true, "qty": 5181}, {"price": 6636, "isBuy": true, "qty": 933}, {"price": 6636, "isBuy": true, "qty": 467}], "symbol": "OIM", "venue": "OBMEX", "ts": "2016-05-02T07:24:36.0976385Z"}, {"ok": true, "asks": [{"price": 7056, "isBuy": false, "qty": 4782}, {"price": 7091, "isBuy": false, "qty": 4782}, {"price": 7126, "isBuy": false, "qty": 4782}], "bids": [{"price": 6986, "isBuy": true, "qty": 5181}, {"price": 6951, "isBuy": true, "qty": 5181}, {"price": 6916, "isBuy": true, "qty": 5181}, {"price": 6636, "isBuy": true, "qty": 933}, {"price": 6636, "isBuy": true, "qty": 467}], "symbol": "OIM", "venue": "OBMEX", "ts": "2016-05-02T07:24:36.256809088Z"}, {"ok": true, "asks": [{"price": 7056, "isBuy": false, "qty": 4782}, {"price": 7091, "isBuy": false, "qty": 4782}, {"price": 7110, "isBuy": false, "qty": 17}, {"price": 7126, "isBuy": false, "qty": 4782}], "bids": [{"price": 6986, "isBuy": true, "qty": 5181}, {"price": 6951, "isBuy": true, "qty": 5181}, {"price": 6916, "isBuy": true, "qty": 5181}, {"price": 6636, "isBuy": true, "qty": 933}, {"price": 6636, "isBuy": true, "qty": 467}], "symbol": "OIM", "venue": "OBMEX", "ts": "2016-05-02T07:24:37.67486224Z"}, {"ok": true, "asks": [{"price": 7056, "isBuy": false, "qty": 4782}, {"price": 7091, "isBuy": false, "qty": 4782}, {"price": 7110, "isBuy": false, "qty": 17}, {"price": 7126, "isBuy": false, "qty": 4782}], "bids": [{"price": 6986, "isBuy": true, "qty": 5181}, {"price": 6951, "isBuy": true, "qty": 5181}, {"price": 6916, "isBuy": true, "qty": 5181}, {"price": 6636, "isBuy": true, "qty": 933}, {"price": 6636, "isBuy": true, "qty": 467}], "symbol": "OIM", "venue": "OBMEX", "ts": "2016-05-02T07:24:38.635870379Z"}, {"ok": true, "asks": [{"price": 7020, "isBuy": false, "qty": 8}, {"price": 7056, "isBuy": false, "qty": 4782}, {"price": 7091, "isBuy": false, "qty": 4782}, {"price": 7126, "isBuy": false, "qty": 4782}], "bids": [{"price": 6986, "isBuy": true, "qty": 5181}, {"price": 6951, "isBuy": true, "qty": 5181}, {"price": 6916, "isBuy": true, "qty": 5181}, {"price": 6636, "isBuy": true, "qty": 933}, {"price": 6636, "isBuy": true, "qty": 467}], "symbol": "OIM", "venue": "OBMEX", "ts": "2016-05-02T07:24:38.954800566Z"}, {"ok": true, "asks": [{"price": 7020, "isBuy": false, "qty": 8}, {"price": 7056, "isBuy": false, "qty": 4782}, {"price": 7091, "isBuy": false, "qty": 4782}, {"price": 7126, "isBuy": false, "qty": 4782}], "bids": [{"price": 6986, "isBuy": true, "qty": 5181}, {"price": 6951, "isBuy": true, "qty": 5181}, {"price": 6916, "isBuy": true, "qty": 5181}, {"price": 6636, "isBuy": true, "qty": 933}, {"price": 6636, "isBuy": true, "qty": 467}], "symbol": "OIM", "venue": "OBMEX", "ts": "2016-05-02T07:24:39.116807357Z"}, {"ok": true, "asks": [{"price": 7020, "isBuy": false, "qty": 8}, {"price": 7056, "isBuy": false, "qty": 4782}, {"price": 7091, "isBuy": false, "qty": 4782}, {"price": 7126, "isBuy": false, "qty": 4782}], "bids": [{"price": 6986, "isBuy": true, "qty": 5181}, {"price": 6951, "isBuy": true, "qty": 5181}, {"price": 6916, "isBuy": true, "qty": 5181}, {"price": 6636, "isBuy": true, "qty": 933}, {"price": 6636, "isBuy": true, "qty": 467}], "symbol": "OIM", "venue": "OBMEX", "ts": "2016-05-02T07:24:39.56161265Z"}, {"ok": true, "asks": null, "bids": [{"price": 7068, "isBuy": true, "qty": 206}, {"price": 6727, "isBuy": true, "qty": 5223}, {"price": 6694, "isBuy": true, "qty": 5223}, {"price": 6661, "isBuy": true, "qty": 5223}, {"price": 6636, "isBuy": true, "qty": 933}, {"price": 6636, "isBuy": true, "qty": 467}], "symbol": "OIM", "venue": "OBMEX", "ts": "2016-05-02T07:24:41.27321679Z"}, {"ok": true, "asks": null, "bids": [{"price": 7068, "isBuy": true, "qty": 206}, {"price": 6727, "isBuy": true, "qty": 5223}, {"price": 6694, "isBuy": true, "qty": 5223}, {"price": 6661, "isBuy": true, "qty": 5223}, {"price": 6636, "isBuy": true, "qty": 933}, {"price": 6636, "isBuy": true, "qty": 467}], "symbol": "OIM", "venue": "OBMEX", "ts": "2016-05-02T07:24:41.753381704Z"}, {"ok": true, "asks": null, "bids": [{"price": 7068, "isBuy": true, "qty": 206}, {"price": 6727, "isBuy": true, "qty": 5223}, {"price": 6694, "isBuy": true, "qty": 5223}, {"price": 6661, "isBuy": true, "qty": 5223}, {"price": 6636, "isBuy": true, "qty": 933}, {"price": 6636, "isBuy": true, "qty": 467}], "symbol": "OIM", "venue": "OBMEX", "ts": "2016-05-02T07:24:41.9225405Z"}, {"ok": true, "asks": null, "bids": [{"price": 7068, "isBuy": true, "qty": 206}, {"price": 6794, "isBuy": true, "qty": 293}, {"price": 6727, "isBuy": true, "qty": 5223}, {"price": 6694, "isBuy": true, "qty": 5223}, {"price": 6661, "isBuy": true, "qty": 5223}, {"price": 6636, "isBuy": true, "qty": 933}, {"price": 6636, "isBuy": true, "qty": 467}], "symbol": "OIM", "venue": "OBMEX", "ts": "2016-05-02T07:24:43.288372619Z"}, {"ok": true, "asks": null, "bids": [{"price": 7068, "isBuy": true, "qty": 206}, {"price": 6794, "isBuy": true, "qty": 293}, {"price": 6727, "isBuy": true, "qty": 5223}, {"price": 6694, "isBuy": true, "qty": 5223}, {"price": 6661, "isBuy": true, "qty": 5223}, {"price": 6636, "isBuy": true, "qty": 933}, {"price": 6636, "isBuy": true, "qty": 467}], "symbol": "OIM", "venue": "OBMEX", "ts": "2016-05-02T07:24:44.296425914Z"}, {"ok": true, "asks": null, "bids": [{"price": 7068, "isBuy": true, "qty": 206}, {"price": 6861, "isBuy": true, "qty": 147}, {"price": 6794, "isBuy": true, "qty": 293}, {"price": 6727, "isBuy": true, "qty": 5223}, {"price": 6694, "isBuy": true, "qty": 5223}, {"price": 6661, "isBuy": true, "qty": 5223}, {"price": 6636, "isBuy": true, "qty": 933}, {"price": 6636, "isBuy": true, "qty": 467}], "symbol": "OIM", "venue": "OBMEX", "ts": "2016-05-02T07:24:44.46857356Z"}, {"ok": true, "asks": null, "bids": [{"price": 7068, "isBuy": true, "qty": 206}, {"price": 6861, "isBuy": true, "qty": 147}, {"price": 6794, "isBuy": true, "qty": 293}, {"price": 6727, "isBuy": true, "qty": 5223}, {"price": 6694, "isBuy": true, "qty": 5223}, {"price": 6661, "isBuy": true, "qty": 5223}, {"price": 6636, "isBuy": true, "qty": 933}, {"price": 6636, "isBuy": true, "qty": 467}], "symbol": "OIM", "venue": "OBMEX", "ts": "2016-05-02T07:24:44.646056079Z"}, {"ok": true, "asks": null, "bids": [{"price": 7068, "isBuy": true, "qty": 206}, {"price": 6861, "isBuy": true, "qty": 147}, {"price": 6794, "isBuy": true, "qty": 293}, {"price": 6727, "isBuy": true, "qty": 5223}, {"price": 6694, "isBuy": true, "qty": 5223}, {"price": 6661, "isBuy": true, "qty": 5223}, {"price": 6636, "isBuy": true, "qty": 933}, {"price": 6636, "isBuy": true, "qty": 467}], "symbol": "OIM", "venue": "OBMEX", "ts": "2016-05-02T07:24:45.168107563Z"}, {"ok": true, "asks": [{"price": 6910, "isBuy": false, "qty": 4507}, {"price": 6944, "isBuy": false, "qty": 4651}, {"price": 6978, "isBuy": false, "qty": 4651}], "bids": [{"price": 6861, "isBuy": true, "qty": 5}, {"price": 6842, "isBuy": true, "qty": 5223}, {"price": 6808, "isBuy": true, "qty": 5223}, {"price": 6794, "isBuy": true, "qty": 293}, {"price": 6774, "isBuy": true, "qty": 5223}, {"price": 6636, "isBuy": true, "qty": 933}, {"price": 6636, "isBuy": true, "qty": 467}], "symbol": "OIM", "venue": "OBMEX", "ts": "2016-05-02T07:24:47.017395376Z"}, {"ok": true, "asks": [{"price": 6910, "isBuy": false, "qty": 4507}, {"price": 6944, "isBuy": false, "qty": 4651}, {"price": 6978, "isBuy": false, "qty": 4651}], "bids": [{"price": 6861, "isBuy": true, "qty": 5}, {"price": 6842, "isBuy": true, "qty": 5223}, {"price": 6808, "isBuy": true, "qty": 5223}, {"price": 6794, "isBuy": true, "qty": 293}, {"price": 6774, "isBuy": true, "qty": 5223}, {"price": 6636, "isBuy": true, "qty": 933}, {"price": 6636, "isBuy": true, "qty": 467}], "symbol": "OIM", "venue": "OBMEX", "ts": "2016-05-02T07:24:47.200497651Z"}, {"ok": true, "asks": [{"price": 6910, "isBuy": false, "qty": 4507}, {"price": 6944, "isBuy": false, "qty": 4651}, {"price": 6978, "isBuy": false, "qty": 4651}], "bids": [{"price": 6861, "isBuy": true, "qty": 5}, {"price": 6842, "isBuy": true, "qty": 5223}, {"price": 6808, "isBuy": true, "qty": 5223}, {"price": 6794, "isBuy": true, "qty": 293}, {"price": 6774, "isBuy": true, "qty": 5223}, {"price": 6636, "isBuy": true, "qty": 933}, {"price": 6636, "isBuy": true, "qty": 467}], "symbol": "OIM", "venue": "OBMEX", "ts": "2016-05-02T07:24:47.38945492Z"}, {"ok": true, "asks": [{"price": 6910, "isBuy": false, "qty": 4507}, {"price": 6944, "isBuy": false, "qty": 4651}, {"price": 6978, "isBuy": false, "qty": 4651}], "bids": [{"price": 6861, "isBuy": true, "qty": 5}, {"price": 6842, "isBuy": true, "qty": 5223}, {"price": 6808, "isBuy": true, "qty": 5223}, {"price": 6794, "isBuy": true, "qty": 293}, {"price": 6774, "isBuy": true, "qty": 5223}, {"price": 6636, "isBuy": true, "qty": 933}, {"price": 6636, "isBuy": true, "qty": 467}], "symbol": "OIM", "venue": "OBMEX", "ts": "2016-05-02T07:24:47.39456924Z"}, {"ok": true, "asks": [{"price": 6910, "isBuy": false, "qty": 4507}, {"price": 6944, "isBuy": false, "qty": 4651}, {"price": 6978, "isBuy": false, "qty": 4651}], "bids": [{"price": 6861, "isBuy": true, "qty": 5}, {"price": 6842, "isBuy": true, "qty": 5223}, {"price": 6808, "isBuy": true, "qty": 5223}, {"price": 6794, "isBuy": true, "qty": 293}, {"price": 6774, "isBuy": true, "qty": 5223}, {"price": 6636, "isBuy": true, "qty": 933}, {"price": 6636, "isBuy": true, "qty": 467}], "symbol": "OIM", "venue": "OBMEX", "ts": "2016-05-02T07:24:47.571537668Z"}, {"ok": true, "asks": [{"price": 6910, "isBuy": false, "qty": 4503}, {"price": 6944, "isBuy": false, "qty": 4651}, {"price": 6978, "isBuy": false, "qty": 4651}], "bids": [{"price": 6842, "isBuy": true, "qty": 5223}, {"price": 6808, "isBuy": true, "qty": 5223}, {"price": 6794, "isBuy": true, "qty": 293}, {"price": 6774, "isBuy": true, "qty": 5223}, {"price": 6636, "isBuy": true, "qty": 933}, {"price": 6636, "isBuy": true, "qty": 467}], "symbol": "OIM", "venue": "OBMEX", "ts": "2016-05-02T07:24:49.042595847Z"}, {"ok": true, "asks": [{"price": 6910, "isBuy": false, "qty": 4503}, {"price": 6944, "isBuy": false, "qty": 4651}, {"price": 6978, "isBuy": false, "qty": 4651}], "bids": [{"price": 6842, "isBuy": true, "qty": 5223}, {"price": 6808, "isBuy": true, "qty": 5223}, {"price": 6794, "isBuy": true, "qty": 293}, {"price": 6774, "isBuy": true, "qty": 5223}, {"price": 6636, "isBuy": true, "qty": 933}, {"price": 6636, "isBuy": true, "qty": 467}], "symbol": "OIM", "venue": "OBMEX", "ts": "2016-05-02T07:24:50.147555314Z"}, {"ok": true, "asks": [{"price": 6910, "isBuy": false, "qty": 4503}, {"price": 6944, "isBuy": false, "qty": 4651}, {"price": 6978, "isBuy": false, "qty": 4651}], "bids": [{"price": 6842, "isBuy": true, "qty": 5223}, {"price": 6808, "isBuy": true, "qty": 5223}, {"price": 6794, "isBuy": true, "qty": 293}, {"price": 6774, "isBuy": true, "qty": 5223}, {"price": 6636, "isBuy": true, "qty": 933}, {"price": 6636, "isBuy": true, "qty": 467}], "symbol": "OIM", "venue": "OBMEX", "ts": "2016-05-02T07:24:50.150746836Z"}, {"ok": true, "asks": [{"price": 6910, "isBuy": false, "qty": 4503}, {"price": 6944, "isBuy": false, "qty": 4651}, {"price": 6978, "isBuy": false, "qty": 4651}], "bids": [{"price": 6842, "isBuy": true, "qty": 5223}, {"price": 6808, "isBuy": true, "qty": 5223}, {"price": 6794, "isBuy": true, "qty": 293}, {"price": 6774, "isBuy": true, "qty": 5223}, {"price": 6636, "isBuy": true, "qty": 933}, {"price": 6636, "isBuy": true, "qty": 467}], "symbol": "OIM", "venue": "OBMEX", "ts": "2016-05-02T07:24:50.319816073Z"}, {"ok": true, "asks": [{"price": 6910, "isBuy": false, "qty": 4503}, {"price": 6944, "isBuy": false, "qty": 4651}, {"price": 6978, "isBuy": false, "qty": 4651}], "bids": [{"price": 6842, "isBuy": true, "qty": 5223}, {"price": 6808, "isBuy": true, "qty": 5223}, {"price": 6794, "isBuy": true, "qty": 293}, {"price": 6774, "isBuy": true, "qty": 5223}, {"price": 6636, "isBuy": true, "qty": 933}, {"price": 6636, "isBuy": true, "qty": 467}], "symbol": "OIM", "venue": "OBMEX", "ts": "2016-05-02T07:24:50.491802893Z"}, {"ok": true, "asks": [{"price": 7136, "isBuy": false, "qty": 4616}, {"price": 7171, "isBuy": false, "qty": 4616}, {"price": 7206, "isBuy": false, "qty": 4616}], "bids": [{"price": 6794, "isBuy": true, "qty": 293}, {"price": 6636, "isBuy": true, "qty": 933}, {"price": 6636, "isBuy": true, "qty": 467}], "symbol": "OIM", "venue": "OBMEX", "ts": "2016-05-02T07:24:52.023428541Z"}, {"ok": true, "asks": [{"price": 7136, "isBuy": false, "qty": 4616}, {"price": 7171, "isBuy": false, "qty": 4616}, {"price": 7206, "isBuy": false, "qty": 4616}], "bids": [{"price": 6794, "isBuy": true, "qty": 293}, {"price": 6636, "isBuy": true, "qty": 933}, {"price": 6636, "isBuy": true, "qty": 467}], "symbol": "OIM", "venue": "OBMEX", "ts": "2016-05-02T07:24:52.856051169Z"}, {"ok": true, "asks": [{"price": 7136, "isBuy": false, "qty": 4616}, {"price": 7171, "isBuy": false, "qty": 4616}, {"price": 7206, "isBuy": false, "qty": 4616}], "bids": [{"price": 6794, "isBuy": true, "qty": 293}, {"price": 6636, "isBuy": true, "qty": 933}, {"price": 6636, "isBuy": true, "qty": 467}], "symbol": "OIM", "venue": "OBMEX", "ts": "2016-05-02T07:24:53.025387763Z"}, {"ok": true, "asks": [{"price": 7136, "isBuy": false, "qty": 4616}, {"price": 7171, "isBuy": false, "qty": 4616}, {"price": 7206, "isBuy": false, "qty": 4616}], "bids": [{"price": 6636, "isBuy": true, "qty": 933}, {"price": 6636, "isBuy": true, "qty": 467}], "symbol": "OIM", "venue": "OBMEX", "ts": "2016-05-02T07:24:53.368096596Z"}, {"ok": true, "asks": [{"price": 7099, "isBuy": false, "qty": 151}, {"price": 7136, "isBuy": false, "qty": 4616}, {"price": 7171, "isBuy": false, "qty": 4616}, {"price": 7206, "isBuy": false, "qty": 4616}], "bids": [{"price": 6702, "isBuy": true, "qty": 148}, {"price": 6636, "isBuy": true, "qty": 933}, {"price": 6636, "isBuy": true, "qty": 467}], "symbol": "OIM", "venue": "OBMEX", "ts": "2016-05-02T07:24:55.210723623Z"}, {"ok": true, "asks": [{"price": 7099, "isBuy": false, "qty": 151}, {"price": 7136, "isBuy": false, "qty": 4616}, {"price": 7171, "isBuy": false, "qty": 4616}, {"price": 7206, "isBuy": false, "qty": 4616}], "bids": [{"price": 6702, "isBuy": true, "qty": 148}, {"price": 6636, "isBuy": true, "qty": 933}, {"price": 6636, "isBuy": true, "qty": 467}], "symbol": "OIM", "venue": "OBMEX", "ts": "2016-05-02T07:24:55.742113545Z"}, {"ok": true, "asks": [{"price": 6955, "isBuy": false, "qty": 3837}, {"price": 6989, "isBuy": false, "qty": 4616}, {"price": 7023, "isBuy": false, "qty": 4616}, {"price": 7099, "isBuy": false, "qty": 151}], "bids": [{"price": 6815, "isBuy": true, "qty": 117}, {"price": 6702, "isBuy": true, "qty": 74}, {"price": 6690, "isBuy": true, "qty": 5367}, {"price": 6657, "isBuy": true, "qty": 5367}, {"price": 6636, "isBuy": true, "qty": 781}, {"price": 6636, "isBuy": true, "qty": 467}, {"price": 6624, "isBuy": true, "qty": 5367}], "symbol": "OIM", "venue": "OBMEX", "ts": "2016-05-02T07:24:56.081884781Z"}, {"ok": true, "asks": [{"price": 6955, "isBuy": false, "qty": 3837}, {"price": 6989, "isBuy": false, "qty": 4616}, {"price": 7023, "isBuy": false, "qty": 4616}, {"price": 7099, "isBuy": false, "qty": 151}], "bids": [{"price": 6815, "isBuy": true, "qty": 117}, {"price": 6702, "isBuy": true, "qty": 74}, {"price": 6690, "isBuy": true, "qty": 5367}, {"price": 6657, "isBuy": true, "qty": 5367}, {"price": 6636, "isBuy": true, "qty": 781}, {"price": 6636, "isBuy": true, "qty": 467}, {"price": 6624, "isBuy": true, "qty": 5367}], "symbol": "OIM", "venue": "OBMEX", "ts": "2016-05-02T07:24:56.237536145Z"}, {"ok": true, "asks": [{"price": 6955, "isBuy": false, "qty": 3837}, {"price": 6989, "isBuy": false, "qty": 4616}, {"price": 7023, "isBuy": false, "qty": 4616}], "bids": [{"price": 6815, "isBuy": true, "qty": 117}, {"price": 6702, "isBuy": true, "qty": 74}, {"price": 6690, "isBuy": true, "qty": 5367}, {"price": 6657, "isBuy": true, "qty": 5367}, {"price": 6636, "isBuy": true, "qty": 781}, {"price": 6636, "isBuy": true, "qty": 467}, {"price": 6624, "isBuy": true, "qty": 5367}], "symbol": "OIM", "venue": "OBMEX", "ts": "2016-05-02T07:24:56.569123142Z"}, {"ok": true, "asks": [{"price": 6955, "isBuy": false, "qty": 3837}, {"price": 6989, "isBuy": false, "qty": 4616}, {"price": 7023, "isBuy": false, "qty": 4616}, {"price": 7064, "isBuy": false, "qty": 257}], "bids": [{"price": 6815, "isBuy": true, "qty": 117}, {"price": 6702, "isBuy": true, "qty": 74}, {"price": 6690, "isBuy": true, "qty": 5367}, {"price": 6657, "isBuy": true, "qty": 5367}, {"price": 6636, "isBuy": true, "qty": 781}, {"price": 6636, "isBuy": true, "qty": 467}, {"price": 6624, "isBuy": true, "qty": 5367}], "symbol": "OIM", "venue": "OBMEX", "ts": "2016-05-02T07:24:57.633750523Z"}, {"ok": true, "asks": [{"price": 6955, "isBuy": false, "qty": 3837}, {"price": 6989, "isBuy": false, "qty": 4616}, {"price": 7023, "isBuy": false, "qty": 4616}, {"price": 7064, "isBuy": false, "qty": 257}], "bids": [{"price": 6815, "isBuy": true, "qty": 117}, {"price": 6769, "isBuy": true, "qty": 37}, {"price": 6702, "isBuy": true, "qty": 74}, {"price": 6690, "isBuy": true, "qty": 5367}, {"price": 6657, "isBuy": true, "qty": 5367}, {"price": 6636, "isBuy": true, "qty": 781}, {"price": 6636, "isBuy": true, "qty": 467}, {"price": 6624, "isBuy": true, "qty": 5367}], "symbol": "OIM", "venue": "OBMEX", "ts": "2016-05-02T07:24:58.961696943Z"}, {"ok": true, "asks": [{"price": 6955, "isBuy": false, "qty": 3837}, {"price": 6989, "isBuy": false, "qty": 4616}, {"price": 7023, "isBuy": false, "qty": 4616}, {"price": 7064, "isBuy": false, "qty": 257}], "bids": [{"price": 6815, "isBuy": true, "qty": 117}, {"price": 6769, "isBuy": true, "qty": 37}, {"price": 6702, "isBuy": true, "qty": 74}, {"price": 6690, "isBuy": true, "qty": 5367}, {"price": 6657, "isBuy": true, "qty": 5367}, {"price": 6636, "isBuy": true, "qty": 781}, {"price": 6636, "isBuy": true, "qty": 467}, {"price": 6624, "isBuy": true, "qty": 5367}], "symbol": "OIM", "venue": "OBMEX", "ts": "2016-05-02T07:24:59.141742512Z"}, {"ok": true, "asks": [{"price": 6955, "isBuy": false, "qty": 3837}, {"price": 6989, "isBuy": false, "qty": 4616}, {"price": 7023, "isBuy": false, "qty": 4616}, {"price": 7064, "isBuy": false, "qty": 257}], "bids": [{"price": 6815, "isBuy": true, "qty": 117}, {"price": 6769, "isBuy": true, "qty": 37}, {"price": 6702, "isBuy": true, "qty": 74}, {"price": 6690, "isBuy": true, "qty": 5367}, {"price": 6657, "isBuy": true, "qty": 5367}, {"price": 6636, "isBuy": true, "qty": 781}, {"price": 6636, "isBuy": true, "qty": 467}, {"price": 6624, "isBuy": true, "qty": 5367}], "symbol": "OIM", "venue": "OBMEX", "ts": "2016-05-02T07:24:59.326427389Z"}, {"ok": true, "asks": [{"price": 6919, "isBuy": false, "qty": 173}, {"price": 6955, "isBuy": false, "qty": 3837}, {"price": 6989, "isBuy": false, "qty": 4616}, {"price": 7023, "isBuy": false, "qty": 4616}], "bids": [{"price": 6815, "isBuy": true, "qty": 117}, {"price": 6769, "isBuy": true, "qty": 37}, {"price": 6702, "isBuy": true, "qty": 74}, {"price": 6690, "isBuy": true, "qty": 5367}, {"price": 6657, "isBuy": true, "qty": 5367}, {"price": 6636, "isBuy": true, "qty": 781}, {"price": 6636, "isBuy": true, "qty": 467}, {"price": 6624, "isBuy": true, "qty": 5367}], "symbol": "OIM", "venue": "OBMEX", "ts": "2016-05-02T07:24:59.669812619Z"}, {"ok": true, "asks": [{"price": 6919, "isBuy": false, "qty": 173}, {"price": 6955, "isBuy": false, "qty": 3837}, {"price": 6989, "isBuy": false, "qty": 4616}, {"price": 7023, "isBuy": false, "qty": 4616}], "bids": [{"price": 6815, "isBuy": true, "qty": 117}, {"price": 6769, "isBuy": true, "qty": 37}, {"price": 6702, "isBuy": true, "qty": 74}, {"price": 6690, "isBuy": true, "qty": 5367}, {"price": 6657, "isBuy": true, "qty": 5367}, {"price": 6636, "isBuy": true, "qty": 781}, {"price": 6636, "isBuy": true, "qty": 467}, {"price": 6624, "isBuy": true, "qty": 5367}], "symbol": "OIM", "venue": "OBMEX", "ts": "2016-05-02T07:24:59.854179185Z"}, {"ok": true, "asks": [{"price": 6919, "isBuy": false, "qty": 173}, {"price": 6955, "isBuy": false, "qty": 3837}, {"price": 6989, "isBuy": false, "qty": 4616}, {"price": 7023, "isBuy": false, "qty": 4616}], "bids": [{"price": 6815, "isBuy": true, "qty": 117}, {"price": 6769, "isBuy": true, "qty": 37}, {"price": 6702, "isBuy": true, "qty": 74}, {"price": 6690, "isBuy": true, "qty": 5367}, {"price": 6657, "isBuy": true, "qty": 5367}, {"price": 6636, "isBuy": true, "qty": 781}, {"price": 6636, "isBuy": true, "qty": 467}, {"price": 6624, "isBuy": true, "qty": 5367}], "symbol": "OIM", "venue": "OBMEX", "ts": "2016-05-02T07:25:00.05889916Z"}, {"ok": true, "asks": [{"price": 6743, "isBuy": false, "qty": 4519}], "bids": [{"price": 6636, "isBuy": true, "qty": 557}, {"price": 6636, "isBuy": true, "qty": 467}, {"price": 6511, "isBuy": true, "qty": 5480}, {"price": 6479, "isBuy": true, "qty": 5480}, {"price": 6447, "isBuy": true, "qty": 5480}], "symbol": "OIM", "venue": "OBMEX", "ts": "2016-05-02T07:25:07.067696708Z"}, {"ok": true, "asks": null, "bids": [{"price": 6636, "isBuy": true, "qty": 557}, {"price": 6636, "isBuy": true, "qty": 467}, {"price": 6511, "isBuy": true, "qty": 5597}, {"price": 6479, "isBuy": true, "qty": 5597}, {"price": 6447, "isBuy": true, "qty": 5597}], "symbol": "OIM", "venue": "OBMEX", "ts": "2016-05-02T07:25:07.23125936Z"}, {"ok": true, "asks": null, "bids": [{"price": 6836, "isBuy": true, "qty": 273}, {"price": 6636, "isBuy": true, "qty": 557}, {"price": 6636, "isBuy": true, "qty": 467}, {"price": 6511, "isBuy": true, "qty": 5597}, {"price": 6479, "isBuy": true, "qty": 5597}, {"price": 6447, "isBuy": true, "qty": 5597}], "symbol": "OIM", "venue": "OBMEX", "ts": "2016-05-02T07:25:08.524075394Z"}, {"ok": true, "asks": null, "bids": [{"price": 6836, "isBuy": true, "qty": 273}, {"price": 6636, "isBuy": true, "qty": 557}, {"price": 6636, "isBuy": true, "qty": 467}, {"price": 6511, "isBuy": true, "qty": 5597}, {"price": 6479, "isBuy": true, "qty": 5597}, {"price": 6447, "isBuy": true, "qty": 5597}], "symbol": "OIM", "venue": "OBMEX", "ts": "2016-05-02T07:25:09.415366353Z"}, {"ok": true, "asks": null, "bids": [{"price": 6836, "isBuy": true, "qty": 273}, {"price": 6636, "isBuy": true, "qty": 557}, {"price": 6636, "isBuy": true, "qty": 467}, {"price": 6511, "isBuy": true, "qty": 5597}, {"price": 6479, "isBuy": true, "qty": 5597}, {"price": 6447, "isBuy": true, "qty": 5597}], "symbol": "OIM", "venue": "OBMEX", "ts": "2016-05-02T07:25:09.596150344Z"}, {"ok": true, "asks": null, "bids": [{"price": 6636, "isBuy": true, "qty": 557}, {"price": 6636, "isBuy": true, "qty": 467}, {"price": 6511, "isBuy": true, "qty": 5597}, {"price": 6479, "isBuy": true, "qty": 5597}, {"price": 6447, "isBuy": true, "qty": 5597}], "symbol": "OIM", "venue": "OBMEX", "ts": "2016-05-02T07:25:09.913260456Z"}, {"ok": true, "asks": null, "bids": [{"price": 6636, "isBuy": true, "qty": 557}, {"price": 6636, "isBuy": true, "qty": 467}, {"price": 6511, "isBuy": true, "qty": 5597}, {"price": 6479, "isBuy": true, "qty": 5597}, {"price": 6447, "isBuy": true, "qty": 5597}], "symbol": "OIM", "venue": "OBMEX", "ts": "2016-05-02T07:25:10.083218918Z"}, {"ok": true, "asks": null, "bids": [{"price": 6636, "isBuy": true, "qty": 557}, {"price": 6636, "isBuy": true, "qty": 467}, {"price": 6511, "isBuy": true, "qty": 5597}, {"price": 6479, "isBuy": true, "qty": 5597}, {"price": 6447, "isBuy": true, "qty": 5597}], "symbol": "OIM", "venue": "OBMEX", "ts": "2016-05-02T07:25:10.328378583Z"}, {"ok": true, "asks": [{"price": 6831, "isBuy": false, "qty": 146}, {"price": 7130, "isBuy": false, "qty": 4358}, {"price": 7165, "isBuy": false, "qty": 4358}, {"price": 7200, "isBuy": false, "qty": 4358}], "bids": [{"price": 6702, "isBuy": true, "qty": 281}, {"price": 6636, "isBuy": true, "qty": 206}, {"price": 6636, "isBuy": true, "qty": 467}, {"price": 6593, "isBuy": true, "qty": 5621}, {"price": 6560, "isBuy": true, "qty": 5621}, {"price": 6527, "isBuy": true, "qty": 5621}], "symbol": "OIM", "venue": "OBMEX", "ts": "2016-05-02T07:25:12.385835972Z"}, {"ok": true, "asks": [{"price": 6831, "isBuy": false, "qty": 146}, {"price": 7130, "isBuy": false, "qty": 4358}, {"price": 7165, "isBuy": false, "qty": 4358}, {"price": 7200, "isBuy": false, "qty": 4358}], "bids": [{"price": 6702, "isBuy": true, "qty": 281}, {"price": 6636, "isBuy": true, "qty": 206}, {"price": 6636, "isBuy": true, "qty": 467}, {"price": 6593, "isBuy": true, "qty": 5621}, {"price": 6560, "isBuy": true, "qty": 5621}, {"price": 6527, "isBuy": true, "qty": 5621}], "symbol": "OIM", "venue": "OBMEX", "ts": "2016-05-02T07:25:12.457864787Z"}, {"ok": true, "asks": [{"price": 6831, "isBuy": false, "qty": 146}, {"price": 7130, "isBuy": false, "qty": 4358}, {"price": 7165, "isBuy": false, "qty": 4358}, {"price": 7200, "isBuy": false, "qty": 4358}], "bids": [{"price": 6636, "isBuy": true, "qty": 206}, {"price": 6636, "isBuy": true, "qty": 467}, {"price": 6593, "isBuy": true, "qty": 5621}, {"price": 6560, "isBuy": true, "qty": 5621}, {"price": 6527, "isBuy": true, "qty": 5621}], "symbol": "OIM", "venue": "OBMEX", "ts": "2016-05-02T07:25:12.792784593Z"}, {"ok": true, "asks": [{"price": 6831, "isBuy": false, "qty": 146}, {"price": 7130, "isBuy": false, "qty": 4358}, {"price": 7165, "isBuy": false, "qty": 4358}, {"price": 7200, "isBuy": false, "qty": 4358}], "bids": [{"price": 6636, "isBuy": true, "qty": 206}, {"price": 6636, "isBuy": true, "qty": 467}, {"price": 6593, "isBuy": true, "qty": 5621}, {"price": 6560, "isBuy": true, "qty": 5621}, {"price": 6527, "isBuy": true, "qty": 5621}], "symbol": "OIM", "venue": "OBMEX", "ts": "2016-05-02T07:25:12.954349893Z"}, {"ok": true, "asks": [{"price": 6831, "isBuy": false, "qty": 146}, {"price": 7058, "isBuy": false, "qty": 558}, {"price": 7130, "isBuy": false, "qty": 4358}, {"price": 7165, "isBuy": false, "qty": 4358}, {"price": 7200, "isBuy": false, "qty": 4358}], "bids": [{"price": 6702, "isBuy": true, "qty": 105}, {"price": 6636, "isBuy": true, "qty": 206}, {"price": 6636, "isBuy": true, "qty": 467}, {"price": 6593, "isBuy": true, "qty": 5621}, {"price": 6560, "isBuy": true, "qty": 5621}, {"price": 6527, "isBuy": true, "qty": 5621}], "symbol": "OIM", "venue": "OBMEX", "ts": "2016-05-02T07:25:15.192755374Z"}, {"ok": true, "asks": [{"price": 6831, "isBuy": false, "qty": 146}, {"price": 7058, "isBuy": false, "qty": 558}, {"price": 7130, "isBuy": false, "qty": 4358}, {"price": 7165, "isBuy": false, "qty": 4358}, {"price": 7200, "isBuy": false, "qty": 4358}], "bids": [{"price": 6702, "isBuy": true, "qty": 105}, {"price": 6636, "isBuy": true, "qty": 206}, {"price": 6636, "isBuy": true, "qty": 467}, {"price": 6593, "isBuy": true, "qty": 5621}, {"price": 6560, "isBuy": true, "qty": 5621}, {"price": 6527, "isBuy": true, "qty": 5621}], "symbol": "OIM", "venue": "OBMEX", "ts": "2016-05-02T07:25:15.344699455Z"}, {"ok": true, "asks": [{"price": 6831, "isBuy": false, "qty": 146}, {"price": 7058, "isBuy": false, "qty": 558}, {"price": 7130, "isBuy": false, "qty": 4358}, {"price": 7165, "isBuy": false, "qty": 4358}, {"price": 7200, "isBuy": false, "qty": 4358}], "bids": [{"price": 6636, "isBuy": true, "qty": 206}, {"price": 6636, "isBuy": true, "qty": 467}, {"price": 6593, "isBuy": true, "qty": 5621}, {"price": 6560, "isBuy": true, "qty": 5621}, {"price": 6527, "isBuy": true, "qty": 5621}], "symbol": "OIM", "venue": "OBMEX", "ts": "2016-05-02T07:25:15.672890405Z"}, {"ok": true, "asks": [{"price": 6831, "isBuy": false, "qty": 146}, {"price": 7058, "isBuy": false, "qty": 558}, {"price": 7130, "isBuy": false, "qty": 4358}, {"price": 7165, "isBuy": false, "qty": 4358}, {"price": 7200, "isBuy": false, "qty": 4358}], "bids": [{"price": 6636, "isBuy": true, "qty": 206}, {"price": 6636, "isBuy": true, "qty": 467}, {"price": 6593, "isBuy": true, "qty": 5621}, {"price": 6560, "isBuy": true, "qty": 5621}, {"price": 6527, "isBuy": true, "qty": 5621}], "symbol": "OIM", "venue": "OBMEX", "ts": "2016-05-02T07:25:15.85443529Z"}, {"ok": true, "asks": [{"price": 6799, "isBuy": false, "qty": 6044}, {"price": 6832, "isBuy": false, "qty": 6044}, {"price": 6865, "isBuy": false, "qty": 6044}, {"price": 7058, "isBuy": false, "qty": 558}], "bids": [{"price": 4393, "isBuy": true, "qty": 9836}, {"price": 4329, "isBuy": true, "qty": 3955}, {"price": 4308, "isBuy": true, "qty": 3955}, {"price": 4287, "isBuy": true, "qty": 3955}], "symbol": "OIM", "venue": "OBMEX", "ts": "2016-05-02T07:25:16.056492916Z"}, {"ok": true, "asks": [{"price": 6799, "isBuy": false, "qty": 6044}, {"price": 6832, "isBuy": false, "qty": 6044}, {"price": 6865, "isBuy": false, "qty": 6044}, {"price": 6987, "isBuy": false, "qty": 668}, {"price": 7058, "isBuy": false, "qty": 558}], "bids": [{"price": 4393, "isBuy": true, "qty": 9836}, {"price": 4329, "isBuy": true, "qty": 3955}, {"price": 4308, "isBuy": true, "qty": 3955}, {"price": 4287, "isBuy": true, "qty": 3955}], "symbol": "OIM", "venue": "OBMEX", "ts": "2016-05-02T07:25:17.504910768Z"}, {"ok": true, "asks": [{"price": 6799, "isBuy": false, "qty": 6044}, {"price": 6832, "isBuy": false, "qty": 6044}, {"price": 6865, "isBuy": false, "qty": 6044}, {"price": 6987, "isBuy": false, "qty": 668}, {"price": 7058, "isBuy": false, "qty": 558}], "bids": [{"price": 4393, "isBuy": true, "qty": 9836}, {"price": 4372, "isBuy": true, "qty": 53}, {"price": 4329, "isBuy": true, "qty": 3955}, {"price": 4308, "isBuy": true, "qty": 3955}, {"price": 4287, "isBuy": true, "qty": 3955}], "symbol": "OIM", "venue": "OBMEX", "ts": "2016-05-02T07:25:18.614216713Z"}, {"ok": true, "asks": [{"price": 6799, "isBuy": false, "qty": 6044}, {"price": 6832, "isBuy": false, "qty": 6044}, {"price": 6865, "isBuy": false, "qty": 6044}, {"price": 6987, "isBuy": false, "qty": 668}], "bids": [{"price": 4393, "isBuy": true, "qty": 9836}, {"price": 4372, "isBuy": true, "qty": 53}, {"price": 4329, "isBuy": true, "qty": 3955}, {"price": 4308, "isBuy": true, "qty": 3955}, {"price": 4287, "isBuy": true, "qty": 3955}], "symbol": "OIM", "venue": "OBMEX", "ts": "2016-05-02T07:25:18.981688953Z"}, {"ok": true, "asks": [{"price": 6799, "isBuy": false, "qty": 6044}, {"price": 6832, "isBuy": false, "qty": 6044}, {"price": 6865, "isBuy": false, "qty": 6044}], "bids": [{"price": 4393, "isBuy": true, "qty": 9836}, {"price": 4372, "isBuy": true, "qty": 53}, {"price": 4329, "isBuy": true, "qty": 3955}, {"price": 4308, "isBuy": true, "qty": 3955}, {"price": 4287, "isBuy": true, "qty": 3955}], "symbol": "OIM", "venue": "OBMEX", "ts": "2016-05-02T07:25:19.310694779Z"}, {"ok": true, "asks": [{"price": 6763, "isBuy": false, "qty": 613}, {"price": 6799, "isBuy": false, "qty": 6044}, {"price": 6832, "isBuy": false, "qty": 6044}, {"price": 6865, "isBuy": false, "qty": 6044}], "bids": [{"price": 4393, "isBuy": true, "qty": 9836}, {"price": 4372, "isBuy": true, "qty": 53}, {"price": 4329, "isBuy": true, "qty": 3955}, {"price": 4308, "isBuy": true, "qty": 3955}, {"price": 4287, "isBuy": true, "qty": 3955}], "symbol": "OIM", "venue": "OBMEX", "ts": "2016-05-02T07:25:20.020557792Z"}, {"ok": true, "asks": [{"price": 6724, "isBuy": false, "qty": 6044}, {"price": 6757, "isBuy": false, "qty": 6044}, {"price": 6763, "isBuy": false, "qty": 416}, {"price": 6790, "isBuy": false, "qty": 6044}], "bids": [{"price": 6658, "isBuy": true, "qty": 3926}, {"price": 6625, "isBuy": true, "qty": 3926}, {"price": 6592, "isBuy": true, "qty": 3926}, {"price": 4415, "isBuy": true, "qty": 26}, {"price": 4372, "isBuy": true, "qty": 53}], "symbol": "OIM", "venue": "OBMEX", "ts": "2016-05-02T07:25:21.759407444Z"}, {"ok": true, "asks": [{"price": 6724, "isBuy": false, "qty": 6044}, {"price": 6731, "isBuy": false, "qty": 640}, {"price": 6757, "isBuy": false, "qty": 6044}, {"price": 6763, "isBuy": false, "qty": 416}, {"price": 6790, "isBuy": false, "qty": 6044}], "bids": [{"price": 6658, "isBuy": true, "qty": 3926}, {"price": 6625, "isBuy": true, "qty": 3926}, {"price": 6592, "isBuy": true, "qty": 3926}, {"price": 4415, "isBuy": true, "qty": 26}, {"price": 4372, "isBuy": true, "qty": 53}], "symbol": "OIM", "venue": "OBMEX", "ts": "2016-05-02T07:25:21.921080038Z"}, {"ok": true, "asks": [{"price": 6724, "isBuy": false, "qty": 6044}, {"price": 6731, "isBuy": false, "qty": 640}, {"price": 6757, "isBuy": false, "qty": 6044}, {"price": 6790, "isBuy": false, "qty": 6044}], "bids": [{"price": 6658, "isBuy": true, "qty": 3926}, {"price": 6625, "isBuy": true, "qty": 3926}, {"price": 6592, "isBuy": true, "qty": 3926}, {"price": 4415, "isBuy": true, "qty": 26}, {"price": 4372, "isBuy": true, "qty": 53}], "symbol": "OIM", "venue": "OBMEX", "ts": "2016-05-02T07:25:22.267908699Z"}, {"ok": true, "asks": [{"price": 6724, "isBuy": false, "qty": 6044}, {"price": 6731, "isBuy": false, "qty": 640}, {"price": 6757, "isBuy": false, "qty": 6044}, {"price": 6790, "isBuy": false, "qty": 6044}], "bids": [{"price": 6658, "isBuy": true, "qty": 3926}, {"price": 6625, "isBuy": true, "qty": 3926}, {"price": 6592, "isBuy": true, "qty": 3926}, {"price": 4415, "isBuy": true, "qty": 26}, {"price": 4372, "isBuy": true, "qty": 53}], "symbol": "OIM", "venue": "OBMEX", "ts": "2016-05-02T07:25:22.585726419Z"}, {"ok": true, "asks": [{"price": 6663, "isBuy": false, "qty": 416}, {"price": 6724, "isBuy": false, "qty": 6044}, {"price": 6731, "isBuy": false, "qty": 640}, {"price": 6757, "isBuy": false, "qty": 6044}, {"price": 6790, "isBuy": false, "qty": 6044}], "bids": [{"price": 6658, "isBuy": true, "qty": 3926}, {"price": 6625, "isBuy": true, "qty": 3926}, {"price": 6592, "isBuy": true, "qty": 3926}, {"price": 4415, "isBuy": true, "qty": 26}, {"price": 4372, "isBuy": true, "qty": 53}], "symbol": "OIM", "venue": "OBMEX", "ts": "2016-05-02T07:25:24.69316553Z"}, {"ok": true, "asks": [{"price": 6663, "isBuy": false, "qty": 416}, {"price": 6724, "isBuy": false, "qty": 6044}, {"price": 6731, "isBuy": false, "qty": 640}, {"price": 6757, "isBuy": false, "qty": 6044}, {"price": 6790, "isBuy": false, "qty": 6044}], "bids": [{"price": 6658, "isBuy": true, "qty": 3926}, {"price": 6625, "isBuy": true, "qty": 3926}, {"price": 6592, "isBuy": true, "qty": 3926}, {"price": 4415, "isBuy": true, "qty": 26}, {"price": 4372, "isBuy": true, "qty": 53}], "symbol": "OIM", "venue": "OBMEX", "ts": "2016-05-02T07:25:24.875004064Z"}, {"ok": true, "asks": [{"price": 6663, "isBuy": false, "qty": 416}, {"price": 6724, "isBuy": false, "qty": 6044}, {"price": 6731, "isBuy": false, "qty": 640}, {"price": 6757, "isBuy": false, "qty": 6044}, {"price": 6790, "isBuy": false, "qty": 6044}], "bids": [{"price": 6658, "isBuy": true, "qty": 3926}, {"price": 6625, "isBuy": true, "qty": 3926}, {"price": 6592, "isBuy": true, "qty": 3926}, {"price": 4415, "isBuy": true, "qty": 26}, {"price": 4372, "isBuy": true, "qty": 53}], "symbol": "OIM", "venue": "OBMEX", "ts": "2016-05-02T07:25:25.060569249Z"}, {"ok": true, "asks": [{"price": 6663, "isBuy": false, "qty": 416}, {"price": 6724, "isBuy": false, "qty": 6044}, {"price": 6757, "isBuy": false, "qty": 6044}, {"price": 6790, "isBuy": false, "qty": 6044}], "bids": [{"price": 6658, "isBuy": true, "qty": 3926}, {"price": 6625, "isBuy": true, "qty": 3926}, {"price": 6592, "isBuy": true, "qty": 3926}, {"price": 4415, "isBuy": true, "qty": 26}, {"price": 4372, "isBuy": true, "qty": 53}], "symbol": "OIM", "venue": "OBMEX", "ts": "2016-05-02T07:25:25.356927506Z"}, {"ok": true, "asks": [{"price": 6663, "isBuy": false, "qty": 416}, {"price": 6724, "isBuy": false, "qty": 6044}, {"price": 6757, "isBuy": false, "qty": 6044}, {"price": 6790, "isBuy": false, "qty": 6044}], "bids": [{"price": 6658, "isBuy": true, "qty": 3926}, {"price": 6625, "isBuy": true, "qty": 3926}, {"price": 6592, "isBuy": true, "qty": 3926}, {"price": 4415, "isBuy": true, "qty": 26}, {"price": 4372, "isBuy": true, "qty": 53}], "symbol": "OIM", "venue": "OBMEX", "ts": "2016-05-02T07:25:25.400394933Z"}, {"ok": true, "asks": [{"price": 6656, "isBuy": false, "qty": 528}], "bids": [{"price": 6605, "isBuy": true, "qty": 3909}, {"price": 6572, "isBuy": true, "qty": 3909}, {"price": 6539, "isBuy": true, "qty": 3909}, {"price": 4415, "isBuy": true, "qty": 26}, {"price": 4372, "isBuy": true, "qty": 53}], "symbol": "OIM", "venue": "OBMEX", "ts": "2016-05-02T07:25:27.688313194Z"}, {"ok": true, "asks": [{"price": 6656, "isBuy": false, "qty": 528}], "bids": [{"price": 6605, "isBuy": true, "qty": 3909}, {"price": 6572, "isBuy": true, "qty": 3909}, {"price": 6539, "isBuy": true, "qty": 3909}, {"price": 4415, "isBuy": true, "qty": 26}, {"price": 4372, "isBuy": true, "qty": 53}], "symbol": "OIM", "venue": "OBMEX", "ts": "2016-05-02T07:25:27.978360762Z"}, {"ok": true, "asks": [{"price": 6656, "isBuy": false, "qty": 528}], "bids": [{"price": 6605, "isBuy": true, "qty": 3909}, {"price": 6572, "isBuy": true, "qty": 3909}, {"price": 6539, "isBuy": true, "qty": 3909}, {"price": 4415, "isBuy": true, "qty": 26}, {"price": 4372, "isBuy": true, "qty": 53}], "symbol": "OIM", "venue": "OBMEX", "ts": "2016-05-02T07:25:28.143467958Z"}, {"ok": true, "asks": [{"price": 6656, "isBuy": false, "qty": 528}], "bids": [{"price": 6605, "isBuy": true, "qty": 3909}, {"price": 6572, "isBuy": true, "qty": 3909}, {"price": 6539, "isBuy": true, "qty": 3909}, {"price": 4415, "isBuy": true, "qty": 26}, {"price": 4372, "isBuy": true, "qty": 53}], "symbol": "OIM", "venue": "OBMEX", "ts": "2016-05-02T07:25:28.302921198Z"}, {"ok": true, "asks": [{"price": 6656, "isBuy": false, "qty": 528}], "bids": [{"price": 6637, "isBuy": true, "qty": 320}, {"price": 6605, "isBuy": true, "qty": 3909}, {"price": 6572, "isBuy": true, "qty": 3909}, {"price": 6539, "isBuy": true, "qty": 3909}, {"price": 4415, "isBuy": true, "qty": 26}, {"price": 4372, "isBuy": true, "qty": 53}], "symbol": "OIM", "venue": "OBMEX", "ts": "2016-05-02T07:25:29.375891599Z"}, {"ok": true, "asks": [{"price": 6656, "isBuy": false, "qty": 368}], "bids": [{"price": 6637, "isBuy": true, "qty": 320}, {"price": 6605, "isBuy": true, "qty": 3909}, {"price": 6572, "isBuy": true, "qty": 3909}, {"price": 6539, "isBuy": true, "qty": 3909}, {"price": 4415, "isBuy": true, "qty": 26}, {"price": 4372, "isBuy": true, "qty": 53}], "symbol": "OIM", "venue": "OBMEX", "ts": "2016-05-02T07:25:30.739051582Z"}, {"ok": true, "asks": null, "bids": [{"price": 7043, "isBuy": true, "qty": 66}, {"price": 6772, "isBuy": true, "qty": 173}, {"price": 6637, "isBuy": true, "qty": 116}, {"price": 6605, "isBuy": true, "qty": 3909}, {"price": 6572, "isBuy": true, "qty": 3909}, {"price": 6539, "isBuy": true, "qty": 3909}, {"price": 4415, "isBuy": true, "qty": 26}, {"price": 4372, "isBuy": true, "qty": 53}], "symbol": "OIM", "venue": "OBMEX", "ts": "2016-05-02T07:25:30.904417944Z"}, {"ok": true, "asks": null, "bids": [{"price": 6890, "isBuy": true, "qty": 3907}, {"price": 6856, "isBuy": true, "qty": 3907}, {"price": 6822, "isBuy": true, "qty": 3907}, {"price": 6735, "isBuy": true, "qty": 220}, {"price": 6637, "isBuy": true, "qty": 116}, {"price": 4415, "isBuy": true, "qty": 26}, {"price": 4372, "isBuy": true, "qty": 53}], "symbol": "OIM", "venue": "OBMEX", "ts": "2016-05-02T07:25:31.07734203Z"}, {"ok": true, "asks": null, "bids": [{"price": 6890, "isBuy": true, "qty": 3907}, {"price": 6856, "isBuy": true, "qty": 3907}, {"price": 6822, "isBuy": true, "qty": 3907}, {"price": 6735, "isBuy": true, "qty": 220}, {"price": 6637, "isBuy": true, "qty": 116}, {"price": 4415, "isBuy": true, "qty": 26}, {"price": 4372, "isBuy": true, "qty": 53}], "symbol": "OIM", "venue": "OBMEX", "ts": "2016-05-02T07:25:31.117228415Z"}, {"ok": true, "asks": null, "bids": [{"price": 6890, "isBuy": true, "qty": 3907}, {"price": 6856, "isBuy": true, "qty": 3907}, {"price": 6822, "isBuy": true, "qty": 3907}, {"price": 6735, "isBuy": true, "qty": 220}, {"price": 6637, "isBuy": true, "qty": 116}, {"price": 4415, "isBuy": true, "qty": 26}, {"price": 4372, "isBuy": true, "qty": 53}], "symbol": "OIM", "venue": "OBMEX", "ts": "2016-05-02T07:25:31.262812147Z"}, {"ok": true, "asks": null, "bids": [{"price": 6890, "isBuy": true, "qty": 3907}, {"price": 6856, "isBuy": true, "qty": 3907}, {"price": 6822, "isBuy": true, "qty": 3907}, {"price": 6735, "isBuy": true, "qty": 220}, {"price": 6637, "isBuy": true, "qty": 116}, {"price": 4415, "isBuy": true, "qty": 26}, {"price": 4372, "isBuy": true, "qty": 53}], "symbol": "OIM", "venue": "OBMEX", "ts": "2016-05-02T07:25:32.095934552Z"}, {"ok": true, "asks": null, "bids": [{"price": 6890, "isBuy": true, "qty": 3907}, {"price": 6856, "isBuy": true, "qty": 3907}, {"price": 6822, "isBuy": true, "qty": 3907}, {"price": 6735, "isBuy": true, "qty": 220}, {"price": 6637, "isBuy": true, "qty": 116}, {"price": 4415, "isBuy": true, "qty": 26}, {"price": 4372, "isBuy": true, "qty": 53}], "symbol": "OIM", "venue": "OBMEX", "ts": "2016-05-02T07:25:33.068260922Z"}, {"ok": true, "asks": null, "bids": [{"price": 6890, "isBuy": true, "qty": 3907}, {"price": 6856, "isBuy": true, "qty": 3907}, {"price": 6822, "isBuy": true, "qty": 3907}, {"price": 6735, "isBuy": true, "qty": 220}, {"price": 6637, "isBuy": true, "qty": 116}, {"price": 4415, "isBuy": true, "qty": 26}, {"price": 4372, "isBuy": true, "qty": 53}], "symbol": "OIM", "venue": "OBMEX", "ts": "2016-05-02T07:25:33.765428022Z"}, {"ok": true, "asks": null, "bids": [{"price": 6890, "isBuy": true, "qty": 3907}, {"price": 6856, "isBuy": true, "qty": 3907}, {"price": 6822, "isBuy": true, "qty": 3907}, {"price": 6735, "isBuy": true, "qty": 220}, {"price": 6637, "isBuy": true, "qty": 116}, {"price": 4415, "isBuy": true, "qty": 26}, {"price": 4372, "isBuy": true, "qty": 53}], "symbol": "OIM", "venue": "OBMEX", "ts": "2016-05-02T07:25:33.942537651Z"}, {"ok": true, "asks": null, "bids": [{"price": 6890, "isBuy": true, "qty": 3907}, {"price": 6856, "isBuy": true, "qty": 3907}, {"price": 6822, "isBuy": true, "qty": 3907}, {"price": 6735, "isBuy": true, "qty": 220}, {"price": 6637, "isBuy": true, "qty": 116}, {"price": 4415, "isBuy": true, "qty": 26}, {"price": 4372, "isBuy": true, "qty": 53}], "symbol": "OIM", "venue": "OBMEX", "ts": "2016-05-02T07:25:34.106623998Z"}, {"ok": true, "asks": null, "bids": [{"price": 6890, "isBuy": true, "qty": 3907}, {"price": 6856, "isBuy": true, "qty": 3907}, {"price": 6822, "isBuy": true, "qty": 3907}, {"price": 6735, "isBuy": true, "qty": 220}, {"price": 6637, "isBuy": true, "qty": 116}, {"price": 4415, "isBuy": true, "qty": 26}, {"price": 4372, "isBuy": true, "qty": 53}], "symbol": "OIM", "venue": "OBMEX", "ts": "2016-05-02T07:25:34.148886442Z"}, {"ok": true, "asks": null, "bids": [{"price": 6890, "isBuy": true, "qty": 3907}, {"price": 6856, "isBuy": true, "qty": 3907}, {"price": 6822, "isBuy": true, "qty": 3907}, {"price": 6735, "isBuy": true, "qty": 220}, {"price": 6637, "isBuy": true, "qty": 116}, {"price": 4415, "isBuy": true, "qty": 26}, {"price": 4372, "isBuy": true, "qty": 53}], "symbol": "OIM", "venue": "OBMEX", "ts": "2016-05-02T07:25:35.113563282Z"}, {"ok": true, "asks": null, "bids": [{"price": 6637, "isBuy": true, "qty": 116}, {"price": 6632, "isBuy": true, "qty": 3799}, {"price": 6599, "isBuy": true, "qty": 3799}, {"price": 6566, "isBuy": true, "qty": 3799}, {"price": 4415, "isBuy": true, "qty": 26}, {"price": 4372, "isBuy": true, "qty": 53}], "symbol": "OIM", "venue": "OBMEX", "ts": "2016-05-02T07:25:36.523269638Z"}, {"ok": true, "asks": null, "bids": [{"price": 6637, "isBuy": true, "qty": 116}, {"price": 6632, "isBuy": true, "qty": 3799}, {"price": 6599, "isBuy": true, "qty": 3799}, {"price": 6566, "isBuy": true, "qty": 3799}, {"price": 4415, "isBuy": true, "qty": 26}, {"price": 4372, "isBuy": true, "qty": 53}], "symbol": "OIM", "venue": "OBMEX", "ts": "2016-05-02T07:25:36.55214614Z"}, {"ok": true, "asks": null, "bids": [{"price": 6637, "isBuy": true, "qty": 116}, {"price": 6632, "isBuy": true, "qty": 3799}, {"price": 6599, "isBuy": true, "qty": 3799}, {"price": 6566, "isBuy": true, "qty": 3799}, {"price": 4415, "isBuy": true, "qty": 26}, {"price": 4372, "isBuy": true, "qty": 53}], "symbol": "OIM", "venue": "OBMEX", "ts": "2016-05-02T07:25:36.685921531Z"}, {"ok": true, "asks": null, "bids": [{"price": 6637, "isBuy": true, "qty": 116}, {"price": 6632, "isBuy": true, "qty": 3799}, {"price": 6599, "isBuy": true, "qty": 3799}, {"price": 6566, "isBuy": true, "qty": 3799}, {"price": 4415, "isBuy": true, "qty": 26}, {"price": 4372, "isBuy": true, "qty": 53}], "symbol": "OIM", "venue": "OBMEX", "ts": "2016-05-02T07:25:36.857476639Z"}, {"ok": true, "asks": null, "bids": [{"price": 6632, "isBuy": true, "qty": 3799}, {"price": 6599, "isBuy": true, "qty": 3799}, {"price": 6566, "isBuy": true, "qty": 3799}, {"price": 4415, "isBuy": true, "qty": 26}, {"price": 4372, "isBuy": true, "qty": 53}], "symbol": "OIM", "venue": "OBMEX", "ts": "2016-05-02T07:25:38.419345885Z"}, {"ok": true, "asks": null, "bids": [{"price": 6632, "isBuy": true, "qty": 3799}, {"price": 6599, "isBuy": true, "qty": 3799}, {"price": 6566, "isBuy": true, "qty": 3799}, {"price": 4415, "isBuy": true, "qty": 26}, {"price": 4372, "isBuy": true, "qty": 53}], "symbol": "OIM", "venue": "OBMEX", "ts": "2016-05-02T07:25:39.448509958Z"}, {"ok": true, "asks": null, "bids": [{"price": 6632, "isBuy": true, "qty": 3799}, {"price": 6599, "isBuy": true, "qty": 3799}, {"price": 6566, "isBuy": true, "qty": 3799}, {"price": 4415, "isBuy": true, "qty": 26}, {"price": 4372, "isBuy": true, "qty": 53}], "symbol": "OIM", "venue": "OBMEX", "ts": "2016-05-02T07:25:39.610259663Z"}, {"ok": true, "asks": null, "bids": [{"price": 6632, "isBuy": true, "qty": 3799}, {"price": 6599, "isBuy": true, "qty": 3799}, {"price": 6566, "isBuy": true, "qty": 3799}, {"price": 4415, "isBuy": true, "qty": 26}, {"price": 4372, "isBuy": true, "qty": 53}], "symbol": "OIM", "venue": "OBMEX", "ts": "2016-05-02T07:25:40.352241659Z"}, {"ok": true, "asks": [{"price": 6990, "isBuy": false, "qty": 6163}, {"price": 7024, "isBuy": false, "qty": 6163}, {"price": 7058, "isBuy": false, "qty": 6163}], "bids": [{"price": 6956, "isBuy": true, "qty": 170}, {"price": 6821, "isBuy": true, "qty": 3836}, {"price": 6787, "isBuy": true, "qty": 3836}, {"price": 6753, "isBuy": true, "qty": 3836}, {"price": 4415, "isBuy": true, "qty": 26}, {"price": 4372, "isBuy": true, "qty": 53}], "symbol": "OIM", "venue": "OBMEX", "ts": "2016-05-02T07:25:42.015381144Z"}, {"ok": true, "asks": [{"price": 6990, "isBuy": false, "qty": 6163}, {"price": 7024, "isBuy": false, "qty": 6163}, {"price": 7058, "isBuy": false, "qty": 6163}], "bids": [{"price": 6956, "isBuy": true, "qty": 170}, {"price": 6821, "isBuy": true, "qty": 3836}, {"price": 6787, "isBuy": true, "qty": 3836}, {"price": 6753, "isBuy": true, "qty": 3836}, {"price": 4415, "isBuy": true, "qty": 26}, {"price": 4372, "isBuy": true, "qty": 53}], "symbol": "OIM", "venue": "OBMEX", "ts": "2016-05-02T07:25:42.178454978Z"}, {"ok": true, "asks": [{"price": 6990, "isBuy": false, "qty": 6163}, {"price": 7024, "isBuy": false, "qty": 6163}, {"price": 7058, "isBuy": false, "qty": 6163}], "bids": [{"price": 6956, "isBuy": true, "qty": 170}, {"price": 6821, "isBuy": true, "qty": 3836}, {"price": 6787, "isBuy": true, "qty": 3836}, {"price": 6753, "isBuy": true, "qty": 3836}, {"price": 4415, "isBuy": true, "qty": 26}, {"price": 4372, "isBuy": true, "qty": 53}], "symbol": "OIM", "venue": "OBMEX", "ts": "2016-05-02T07:25:42.271670086Z"}, {"ok": true, "asks": [{"price": 6953, "isBuy": false, "qty": 388}, {"price": 6990, "isBuy": false, "qty": 6163}, {"price": 7024, "isBuy": false, "qty": 6163}, {"price": 7058, "isBuy": false, "qty": 6163}], "bids": [{"price": 6821, "isBuy": true, "qty": 3836}, {"price": 6787, "isBuy": true, "qty": 3836}, {"price": 6753, "isBuy": true, "qty": 3836}, {"price": 4415, "isBuy": true, "qty": 26}, {"price": 4372, "isBuy": true, "qty": 53}], "symbol": "OIM", "venue": "OBMEX", "ts": "2016-05-02T07:25:44.595750882Z"}, {"ok": true, "asks": [{"price": 6953, "isBuy": false, "qty": 388}, {"price": 6990, "isBuy": false, "qty": 6163}, {"price": 7024, "isBuy": false, "qty": 6163}, {"price": 7058, "isBuy": false, "qty": 6163}], "bids": [{"price": 6821, "isBuy": true, "qty": 3836}, {"price": 6787, "isBuy": true, "qty": 3836}, {"price": 6753, "isBuy": true, "qty": 3836}, {"price": 4415, "isBuy": true, "qty": 26}, {"price": 4372, "isBuy": true, "qty": 53}], "symbol": "OIM", "venue": "OBMEX", "ts": "2016-05-02T07:25:44.761110674Z"}, {"ok": true, "asks": [{"price": 6953, "isBuy": false, "qty": 388}, {"price": 6990, "isBuy": false, "qty": 6163}, {"price": 7024, "isBuy": false, "qty": 6163}, {"price": 7058, "isBuy": false, "qty": 6163}], "bids": [{"price": 6821, "isBuy": true, "qty": 3836}, {"price": 6787, "isBuy": true, "qty": 3836}, {"price": 6753, "isBuy": true, "qty": 3836}, {"price": 4415, "isBuy": true, "qty": 26}, {"price": 4372, "isBuy": true, "qty": 53}], "symbol": "OIM", "venue": "OBMEX", "ts": "2016-05-02T07:25:44.775357692Z"}, {"ok": true, "asks": [{"price": 6953, "isBuy": false, "qty": 388}, {"price": 6990, "isBuy": false, "qty": 6163}, {"price": 7024, "isBuy": false, "qty": 6163}, {"price": 7058, "isBuy": false, "qty": 6163}], "bids": [{"price": 6821, "isBuy": true, "qty": 3836}, {"price": 6787, "isBuy": true, "qty": 3836}, {"price": 6753, "isBuy": true, "qty": 3836}, {"price": 4415, "isBuy": true, "qty": 26}, {"price": 4372, "isBuy": true, "qty": 53}], "symbol": "OIM", "venue": "OBMEX", "ts": "2016-05-02T07:25:44.925920187Z"}, {"ok": true, "asks": [{"price": 6920, "isBuy": false, "qty": 473}, {"price": 7081, "isBuy": false, "qty": 6231}, {"price": 7116, "isBuy": false, "qty": 6231}, {"price": 7151, "isBuy": false, "qty": 6204}], "bids": [{"price": 4415, "isBuy": true, "qty": 26}, {"price": 4372, "isBuy": true, "qty": 53}], "symbol": "OIM", "venue": "OBMEX", "ts": "2016-05-02T07:25:46.925201215Z"}, {"ok": true, "asks": [{"price": 6920, "isBuy": false, "qty": 473}, {"price": 7081, "isBuy": false, "qty": 6231}, {"price": 7116, "isBuy": false, "qty": 6231}, {"price": 7151, "isBuy": false, "qty": 6204}], "bids": [{"price": 4415, "isBuy": true, "qty": 26}, {"price": 4372, "isBuy": true, "qty": 53}], "symbol": "OIM", "venue": "OBMEX", "ts": "2016-05-02T07:25:47.354015699Z"}, {"ok": true, "asks": [{"price": 6920, "isBuy": false, "qty": 473}, {"price": 7081, "isBuy": false, "qty": 6231}, {"price": 7116, "isBuy": false, "qty": 6231}, {"price": 7151, "isBuy": false, "qty": 6204}], "bids": [{"price": 4415, "isBuy": true, "qty": 26}, {"price": 4372, "isBuy": true, "qty": 53}], "symbol": "OIM", "venue": "OBMEX", "ts": "2016-05-02T07:25:47.52452282Z"}, {"ok": true, "asks": [{"price": 6920, "isBuy": false, "qty": 473}, {"price": 7081, "isBuy": false, "qty": 6231}, {"price": 7116, "isBuy": false, "qty": 6231}, {"price": 7151, "isBuy": false, "qty": 6204}], "bids": [{"price": 4372, "isBuy": true, "qty": 53}], "symbol": "OIM", "venue": "OBMEX", "ts": "2016-05-02T07:25:47.861207763Z"}, {"ok": true, "asks": [{"price": 6920, "isBuy": false, "qty": 473}, {"price": 7010, "isBuy": false, "qty": 43}, {"price": 7081, "isBuy": false, "qty": 6231}, {"price": 7116, "isBuy": false, "qty": 6231}, {"price": 7151, "isBuy": false, "qty": 6204}], "bids": [{"price": 4415, "isBuy": true, "qty": 681}, {"price": 4372, "isBuy": true, "qty": 53}], "symbol": "OIM", "venue": "OBMEX", "ts": "2016-05-02T07:25:49.564812402Z"}, {"ok": true, "asks": [{"price": 6920, "isBuy": false, "qty": 473}, {"price": 7010, "isBuy": false, "qty": 43}, {"price": 7081, "isBuy": false, "qty": 6231}, {"price": 7116, "isBuy": false, "qty": 6231}, {"price": 7151, "isBuy": false, "qty": 6204}], "bids": [{"price": 4415, "isBuy": true, "qty": 681}, {"price": 4372, "isBuy": true, "qty": 53}], "symbol": "OIM", "venue": "OBMEX", "ts": "2016-05-02T07:25:50.262520492Z"}, {"ok": true, "asks": [{"price": 6920, "isBuy": false, "qty": 473}, {"price": 7010, "isBuy": false, "qty": 43}, {"price": 7081, "isBuy": false, "qty": 6231}, {"price": 7116, "isBuy": false, "qty": 6231}, {"price": 7151, "isBuy": false, "qty": 6204}], "bids": [{"price": 4415, "isBuy": true, "qty": 681}, {"price": 4415, "isBuy": true, "qty": 353}, {"price": 4372, "isBuy": true, "qty": 53}], "symbol": "OIM", "venue": "OBMEX", "ts": "2016-05-02T07:25:50.429870996Z"}, {"ok": true, "asks": [{"price": 6920, "isBuy": false, "qty": 473}, {"price": 7010, "isBuy": false, "qty": 43}, {"price": 7081, "isBuy": false, "qty": 6231}, {"price": 7116, "isBuy": false, "qty": 6231}, {"price": 7151, "isBuy": false, "qty": 6204}], "bids": [{"price": 4415, "isBuy": true, "qty": 681}, {"price": 4415, "isBuy": true, "qty": 353}, {"price": 4372, "isBuy": true, "qty": 53}], "symbol": "OIM", "venue": "OBMEX", "ts": "2016-05-02T07:25:50.590548889Z"}, {"ok": true, "asks": [{"price": 6920, "isBuy": false, "qty": 473}, {"price": 7010, "isBuy": false, "qty": 43}, {"price": 7081, "isBuy": false, "qty": 6231}, {"price": 7116, "isBuy": false, "qty": 6231}, {"price": 7151, "isBuy": false, "qty": 6204}], "bids": [{"price": 4415, "isBuy": true, "qty": 681}, {"price": 4415, "isBuy": true, "qty": 353}, {"price": 4372, "isBuy": true, "qty": 53}], "symbol": "OIM", "venue": "OBMEX", "ts": "2016-05-02T07:25:50.768229056Z"}, {"ok": true, "asks": [{"price": 6570, "isBuy": false, "qty": 6082}, {"price": 6602, "isBuy": false, "qty": 6082}, {"price": 6634, "isBuy": false, "qty": 6082}, {"price": 6920, "isBuy": false, "qty": 473}, {"price": 6939, "isBuy": false, "qty": 21}, {"price": 7010, "isBuy": false, "qty": 43}], "bids": [{"price": 6506, "isBuy": true, "qty": 3768}, {"price": 6474, "isBuy": true, "qty": 3768}, {"price": 6442, "isBuy": true, "qty": 3768}, {"price": 4415, "isBuy": true, "qty": 681}, {"price": 4415, "isBuy": true, "qty": 353}, {"price": 4372, "isBuy": true, "qty": 53}], "symbol": "OIM", "venue": "OBMEX", "ts": "2016-05-02T07:25:52.201611133Z"}, {"ok": true, "asks": [{"price": 6570, "isBuy": false, "qty": 6082}, {"price": 6602, "isBuy": false, "qty": 6082}, {"price": 6634, "isBuy": false, "qty": 6082}, {"price": 6920, "isBuy": false, "qty": 473}, {"price": 6939, "isBuy": false, "qty": 21}, {"price": 7010, "isBuy": false, "qty": 43}], "bids": [{"price": 6538, "isBuy": true, "qty": 177}, {"price": 6506, "isBuy": true, "qty": 3768}, {"price": 6474, "isBuy": true, "qty": 3768}, {"price": 6442, "isBuy": true, "qty": 3768}, {"price": 4415, "isBuy": true, "qty": 681}, {"price": 4415, "isBuy": true, "qty": 353}, {"price": 4372, "isBuy": true, "qty": 53}], "symbol": "OIM", "venue": "OBMEX", "ts": "2016-05-02T07:25:53.17922851Z"}, {"ok": true, "asks": [{"price": 6570, "isBuy": false, "qty": 6082}, {"price": 6602, "isBuy": false, "qty": 6082}, {"price": 6634, "isBuy": false, "qty": 6082}, {"price": 6920, "isBuy": false, "qty": 473}, {"price": 6939, "isBuy": false, "qty": 21}, {"price": 7010, "isBuy": false, "qty": 43}], "bids": [{"price": 6538, "isBuy": true, "qty": 177}, {"price": 6506, "isBuy": true, "qty": 3768}, {"price": 6474, "isBuy": true, "qty": 3768}, {"price": 6442, "isBuy": true, "qty": 3768}, {"price": 4415, "isBuy": true, "qty": 681}, {"price": 4415, "isBuy": true, "qty": 353}, {"price": 4372, "isBuy": true, "qty": 53}], "symbol": "OIM", "venue": "OBMEX", "ts": "2016-05-02T07:25:53.339631168Z"}, {"ok": true, "asks": [{"price": 6570, "isBuy": false, "qty": 6082}, {"price": 6602, "isBuy": false, "qty": 6082}, {"price": 6634, "isBuy": false, "qty": 6082}, {"price": 6920, "isBuy": false, "qty": 473}, {"price": 7010, "isBuy": false, "qty": 43}], "bids": [{"price": 6538, "isBuy": true, "qty": 177}, {"price": 6506, "isBuy": true, "qty": 3768}, {"price": 6474, "isBuy": true, "qty": 3768}, {"price": 6442, "isBuy": true, "qty": 3768}, {"price": 4415, "isBuy": true, "qty": 681}, {"price": 4415, "isBuy": true, "qty": 353}, {"price": 4372, "isBuy": true, "qty": 53}], "symbol": "OIM", "venue": "OBMEX", "ts": "2016-05-02T07:25:53.697802382Z"}, {"ok": true, "asks": [{"price": 6570, "isBuy": false, "qty": 6082}, {"price": 6602, "isBuy": false, "qty": 6082}, {"price": 6634, "isBuy": false, "qty": 6082}, {"price": 7010, "isBuy": false, "qty": 43}], "bids": [{"price": 6538, "isBuy": true, "qty": 177}, {"price": 6506, "isBuy": true, "qty": 3768}, {"price": 6474, "isBuy": true, "qty": 3768}, {"price": 6442, "isBuy": true, "qty": 3768}, {"price": 4415, "isBuy": true, "qty": 681}, {"price": 4415, "isBuy": true, "qty": 353}, {"price": 4372, "isBuy": true, "qty": 53}], "symbol": "OIM", "venue": "OBMEX", "ts": "2016-05-02T07:25:53.928373822Z"}, {"ok": true, "asks": [{"price": 6570, "isBuy": false, "qty": 6082}, {"price": 6602, "isBuy": false, "qty": 6082}, {"price": 6634, "isBuy": false, "qty": 6082}, {"price": 7010, "isBuy": false, "qty": 43}], "bids": [{"price": 6538, "isBuy": true, "qty": 177}, {"price": 6506, "isBuy": true, "qty": 3768}, {"price": 6474, "isBuy": true, "qty": 3768}, {"price": 6442, "isBuy": true, "qty": 3768}, {"price": 4415, "isBuy": true, "qty": 681}, {"price": 4415, "isBuy": true, "qty": 353}, {"price": 4372, "isBuy": true, "qty": 53}], "symbol": "OIM", "venue": "OBMEX", "ts": "2016-05-02T07:25:54.060504792Z"}, {"ok": true, "asks": [{"price": 6570, "isBuy": false, "qty": 6082}, {"price": 6602, "isBuy": false, "qty": 6082}, {"price": 6634, "isBuy": false, "qty": 6082}, {"price": 7010, "isBuy": false, "qty": 43}], "bids": [{"price": 6538, "isBuy": true, "qty": 177}, {"price": 6506, "isBuy": true, "qty": 3768}, {"price": 6474, "isBuy": true, "qty": 3768}, {"price": 6442, "isBuy": true, "qty": 3768}, {"price": 4415, "isBuy": true, "qty": 681}, {"price": 4415, "isBuy": true, "qty": 353}, {"price": 4372, "isBuy": true, "qty": 53}], "symbol": "OIM", "venue": "OBMEX", "ts": "2016-05-02T07:25:54.231737073Z"}, {"ok": true, "asks": [{"price": 6570, "isBuy": false, "qty": 6082}, {"price": 6602, "isBuy": false, "qty": 6082}, {"price": 6634, "isBuy": false, "qty": 6082}, {"price": 7010, "isBuy": false, "qty": 43}], "bids": [{"price": 6538, "isBuy": true, "qty": 177}, {"price": 6506, "isBuy": true, "qty": 3768}, {"price": 6474, "isBuy": true, "qty": 3768}, {"price": 6442, "isBuy": true, "qty": 3768}, {"price": 4415, "isBuy": true, "qty": 681}, {"price": 4415, "isBuy": true, "qty": 353}, {"price": 4372, "isBuy": true, "qty": 53}], "symbol": "OIM", "venue": "OBMEX", "ts": "2016-05-02T07:25:54.399095311Z"}, {"ok": true, "asks": [{"price": 6540, "isBuy": false, "qty": 5945}, {"price": 6572, "isBuy": false, "qty": 5945}, {"price": 6604, "isBuy": false, "qty": 5945}], "bids": [{"price": 6476, "isBuy": true, "qty": 4052}, {"price": 6444, "isBuy": true, "qty": 4052}, {"price": 6412, "isBuy": true, "qty": 4052}, {"price": 4415, "isBuy": true, "qty": 681}, {"price": 4415, "isBuy": true, "qty": 353}, {"price": 4372, "isBuy": true, "qty": 53}], "symbol": "OIM", "venue": "OBMEX", "ts": "2016-05-02T07:25:56.28779222Z"}, {"ok": true, "asks": [{"price": 6540, "isBuy": false, "qty": 5945}, {"price": 6572, "isBuy": false, "qty": 5945}, {"price": 6604, "isBuy": false, "qty": 5945}], "bids": [{"price": 6476, "isBuy": true, "qty": 4052}, {"price": 6444, "isBuy": true, "qty": 4052}, {"price": 6412, "isBuy": true, "qty": 4052}, {"price": 4415, "isBuy": true, "qty": 681}, {"price": 4415, "isBuy": true, "qty": 353}, {"price": 4372, "isBuy": true, "qty": 53}], "symbol": "OIM", "venue": "OBMEX", "ts": "2016-05-02T07:25:57.037501618Z"}, {"ok": true, "asks": [{"price": 6540, "isBuy": false, "qty": 5945}, {"price": 6572, "isBuy": false, "qty": 5945}, {"price": 6604, "isBuy": false, "qty": 5945}], "bids": [{"price": 6508, "isBuy": true, "qty": 206}, {"price": 6476, "isBuy": true, "qty": 4052}, {"price": 6444, "isBuy": true, "qty": 4052}, {"price": 6412, "isBuy": true, "qty": 4052}, {"price": 4415, "isBuy": true, "qty": 681}, {"price": 4415, "isBuy": true, "qty": 353}, {"price": 4372, "isBuy": true, "qty": 53}], "symbol": "OIM", "venue": "OBMEX", "ts": "2016-05-02T07:25:57.222083171Z"}, {"ok": true, "asks": [{"price": 6540, "isBuy": false, "qty": 5945}, {"price": 6572, "isBuy": false, "qty": 5945}, {"price": 6604, "isBuy": false, "qty": 5945}], "bids": [{"price": 6508, "isBuy": true, "qty": 206}, {"price": 6476, "isBuy": true, "qty": 4052}, {"price": 6444, "isBuy": true, "qty": 4052}, {"price": 6412, "isBuy": true, "qty": 4052}, {"price": 4415, "isBuy": true, "qty": 681}, {"price": 4415, "isBuy": true, "qty": 353}, {"price": 4372, "isBuy": true, "qty": 53}], "symbol": "OIM", "venue": "OBMEX", "ts": "2016-05-02T07:25:57.42729763Z"}, {"ok": true, "asks": [{"price": 6540, "isBuy": false, "qty": 5945}, {"price": 6572, "isBuy": false, "qty": 5945}, {"price": 6604, "isBuy": false, "qty": 5945}], "bids": [{"price": 6508, "isBuy": true, "qty": 206}, {"price": 6476, "isBuy": true, "qty": 4052}, {"price": 6444, "isBuy": true, "qty": 4052}, {"price": 6412, "isBuy": true, "qty": 4052}, {"price": 4415, "isBuy": true, "qty": 681}, {"price": 4415, "isBuy": true, "qty": 353}, {"price": 4372, "isBuy": true, "qty": 53}], "symbol": "OIM", "venue": "OBMEX", "ts": "2016-05-02T07:25:58.173091939Z"}, {"ok": true, "asks": [{"price": 6540, "isBuy": false, "qty": 5842}, {"price": 6572, "isBuy": false, "qty": 5945}, {"price": 6604, "isBuy": false, "qty": 5945}], "bids": [{"price": 6508, "isBuy": true, "qty": 206}, {"price": 6476, "isBuy": true, "qty": 4052}, {"price": 6444, "isBuy": true, "qty": 4052}, {"price": 6412, "isBuy": true, "qty": 4052}, {"price": 4415, "isBuy": true, "qty": 681}, {"price": 4415, "isBuy": true, "qty": 353}, {"price": 4372, "isBuy": true, "qty": 53}], "symbol": "OIM", "venue": "OBMEX", "ts": "2016-05-02T07:26:00.071711561Z"}, {"ok": true, "asks": [{"price": 6540, "isBuy": false, "qty": 5842}, {"price": 6572, "isBuy": false, "qty": 5945}, {"price": 6604, "isBuy": false, "qty": 5945}], "bids": [{"price": 6508, "isBuy": true, "qty": 206}, {"price": 6476, "isBuy": true, "qty": 4052}, {"price": 6444, "isBuy": true, "qty": 4052}, {"price": 6412, "isBuy": true, "qty": 4052}, {"price": 4415, "isBuy": true, "qty": 681}, {"price": 4415, "isBuy": true, "qty": 353}, {"price": 4372, "isBuy": true, "qty": 53}], "symbol": "OIM", "venue": "OBMEX", "ts": "2016-05-02T07:26:00.355904017Z"}, {"ok": true, "asks": [{"price": 6540, "isBuy": false, "qty": 5842}, {"price": 6572, "isBuy": false, "qty": 5945}, {"price": 6604, "isBuy": false, "qty": 5945}], "bids": [{"price": 6508, "isBuy": true, "qty": 206}, {"price": 6476, "isBuy": true, "qty": 4052}, {"price": 6444, "isBuy": true, "qty": 4052}, {"price": 6412, "isBuy": true, "qty": 4052}, {"price": 4415, "isBuy": true, "qty": 681}, {"price": 4415, "isBuy": true, "qty": 353}, {"price": 4372, "isBuy": true, "qty": 53}], "symbol": "OIM", "venue": "OBMEX", "ts": "2016-05-02T07:26:00.395255216Z"}, {"ok": true, "asks": [{"price": 6540, "isBuy": false, "qty": 5842}, {"price": 6572, "isBuy": false, "qty": 5945}, {"price": 6604, "isBuy": false, "qty": 5945}], "bids": [{"price": 6508, "isBuy": true, "qty": 206}, {"price": 6476, "isBuy": true, "qty": 4052}, {"price": 6444, "isBuy": true, "qty": 4052}, {"price": 6412, "isBuy": true, "qty": 4052}, {"price": 4415, "isBuy": true, "qty": 681}, {"price": 4415, "isBuy": true, "qty": 353}, {"price": 4372, "isBuy": true, "qty": 53}], "symbol": "OIM", "venue": "OBMEX", "ts": "2016-05-02T07:26:00.754951017Z"}, {"ok": true, "asks": [{"price": 6530, "isBuy": false, "qty": 5840}, {"price": 6562, "isBuy": false, "qty": 5840}, {"price": 6594, "isBuy": false, "qty": 5840}], "bids": [{"price": 6466, "isBuy": true, "qty": 4090}, {"price": 6434, "isBuy": true, "qty": 4090}, {"price": 6402, "isBuy": true, "qty": 4090}, {"price": 4415, "isBuy": true, "qty": 681}, {"price": 4415, "isBuy": true, "qty": 353}, {"price": 4372, "isBuy": true, "qty": 53}], "symbol": "OIM", "venue": "OBMEX", "ts": "2016-05-02T07:26:01.558740237Z"}, {"ok": true, "asks": [{"price": 6530, "isBuy": false, "qty": 5686}, {"price": 6562, "isBuy": false, "qty": 5840}, {"price": 6594, "isBuy": false, "qty": 5840}], "bids": [{"price": 6466, "isBuy": true, "qty": 4090}, {"price": 6434, "isBuy": true, "qty": 4090}, {"price": 6402, "isBuy": true, "qty": 4090}, {"price": 4415, "isBuy": true, "qty": 681}, {"price": 4415, "isBuy": true, "qty": 353}, {"price": 4372, "isBuy": true, "qty": 53}], "symbol": "OIM", "venue": "OBMEX", "ts": "2016-05-02T07:26:03.550956788Z"}, {"ok": true, "asks": [{"price": 6530, "isBuy": false, "qty": 5686}, {"price": 6562, "isBuy": false, "qty": 5840}, {"price": 6594, "isBuy": false, "qty": 5840}], "bids": [{"price": 6466, "isBuy": true, "qty": 4090}, {"price": 6434, "isBuy": true, "qty": 4090}, {"price": 6402, "isBuy": true, "qty": 4090}, {"price": 4415, "isBuy": true, "qty": 681}, {"price": 4415, "isBuy": true, "qty": 353}, {"price": 4372, "isBuy": true, "qty": 53}], "symbol": "OIM", "venue": "OBMEX", "ts": "2016-05-02T07:26:03.983779145Z"}, {"ok": true, "asks": [{"price": 6530, "isBuy": false, "qty": 5686}, {"price": 6562, "isBuy": false, "qty": 5840}, {"price": 6594, "isBuy": false, "qty": 5840}], "bids": [{"price": 6466, "isBuy": true, "qty": 4090}, {"price": 6434, "isBuy": true, "qty": 4090}, {"price": 6402, "isBuy": true, "qty": 4090}, {"price": 4415, "isBuy": true, "qty": 681}, {"price": 4415, "isBuy": true, "qty": 353}, {"price": 4372, "isBuy": true, "qty": 53}], "symbol": "OIM", "venue": "OBMEX", "ts": "2016-05-02T07:26:04.155958912Z"}, {"ok": true, "asks": [{"price": 6530, "isBuy": false, "qty": 5686}, {"price": 6562, "isBuy": false, "qty": 5840}, {"price": 6594, "isBuy": false, "qty": 5840}], "bids": [{"price": 6466, "isBuy": true, "qty": 4090}, {"price": 6434, "isBuy": true, "qty": 4090}, {"price": 6402, "isBuy": true, "qty": 4090}, {"price": 4415, "isBuy": true, "qty": 681}, {"price": 4415, "isBuy": true, "qty": 353}, {"price": 4372, "isBuy": true, "qty": 53}], "symbol": "OIM", "venue": "OBMEX", "ts": "2016-05-02T07:26:04.32031288Z"}, {"ok": true, "asks": [{"price": 6530, "isBuy": false, "qty": 5686}, {"price": 6562, "isBuy": false, "qty": 5840}, {"price": 6594, "isBuy": false, "qty": 5840}], "bids": [{"price": 6466, "isBuy": true, "qty": 4090}, {"price": 6434, "isBuy": true, "qty": 4090}, {"price": 6402, "isBuy": true, "qty": 4090}, {"price": 4415, "isBuy": true, "qty": 681}, {"price": 4415, "isBuy": true, "qty": 353}, {"price": 4372, "isBuy": true, "qty": 53}], "symbol": "OIM", "venue": "OBMEX", "ts": "2016-05-02T07:26:04.571899575Z"}, {"ok": true, "asks": [{"price": 6530, "isBuy": false, "qty": 5686}, {"price": 6562, "isBuy": false, "qty": 5840}, {"price": 6594, "isBuy": false, "qty": 5840}], "bids": [{"price": 6466, "isBuy": true, "qty": 4090}, {"price": 6434, "isBuy": true, "qty": 4090}, {"price": 6402, "isBuy": true, "qty": 4090}, {"price": 4415, "isBuy": true, "qty": 681}, {"price": 4415, "isBuy": true, "qty": 353}, {"price": 4372, "isBuy": true, "qty": 53}], "symbol": "OIM", "venue": "OBMEX", "ts": "2016-05-02T07:26:05.57515515Z"}, {"ok": true, "asks": [{"price": 6884, "isBuy": false, "qty": 5793}, {"price": 6918, "isBuy": false, "qty": 5793}, {"price": 6952, "isBuy": false, "qty": 5793}], "bids": [{"price": 4415, "isBuy": true, "qty": 681}, {"price": 4415, "isBuy": true, "qty": 353}, {"price": 4372, "isBuy": true, "qty": 53}], "symbol": "OIM", "venue": "OBMEX", "ts": "2016-05-02T07:26:06.620379984Z"}, {"ok": true, "asks": [{"price": 6884, "isBuy": false, "qty": 5793}, {"price": 6918, "isBuy": false, "qty": 5793}, {"price": 6952, "isBuy": false, "qty": 5793}], "bids": [{"price": 4415, "isBuy": true, "qty": 681}, {"price": 4415, "isBuy": true, "qty": 353}, {"price": 4372, "isBuy": true, "qty": 53}], "symbol": "OIM", "venue": "OBMEX", "ts": "2016-05-02T07:26:06.751552983Z"}, {"ok": true, "asks": [{"price": 6884, "isBuy": false, "qty": 5793}, {"price": 6918, "isBuy": false, "qty": 5793}, {"price": 6952, "isBuy": false, "qty": 5793}], "bids": [{"price": 4415, "isBuy": true, "qty": 681}, {"price": 4415, "isBuy": true, "qty": 353}, {"price": 4372, "isBuy": true, "qty": 53}], "symbol": "OIM", "venue": "OBMEX", "ts": "2016-05-02T07:26:06.927305789Z"}, {"ok": true, "asks": [{"price": 6884, "isBuy": false, "qty": 5793}, {"price": 6918, "isBuy": false, "qty": 5793}, {"price": 6952, "isBuy": false, "qty": 5793}], "bids": [{"price": 4415, "isBuy": true, "qty": 681}, {"price": 4415, "isBuy": true, "qty": 353}, {"price": 4372, "isBuy": true, "qty": 53}], "symbol": "OIM", "venue": "OBMEX", "ts": "2016-05-02T07:26:07.090413165Z"}, {"ok": true, "asks": [{"price": 6848, "isBuy": false, "qty": 482}, {"price": 6884, "isBuy": false, "qty": 5793}, {"price": 6918, "isBuy": false, "qty": 5793}, {"price": 6952, "isBuy": false, "qty": 5793}], "bids": [{"price": 4415, "isBuy": true, "qty": 681}, {"price": 4415, "isBuy": true, "qty": 353}, {"price": 4372, "isBuy": true, "qty": 53}], "symbol": "OIM", "venue": "OBMEX", "ts": "2016-05-02T07:26:09.528295107Z"}, {"ok": true, "asks": [{"price": 6848, "isBuy": false, "qty": 482}, {"price": 6884, "isBuy": false, "qty": 5793}, {"price": 6918, "isBuy": false, "qty": 5793}, {"price": 6952, "isBuy": false, "qty": 5793}], "bids": [{"price": 4415, "isBuy": true, "qty": 681}, {"price": 4415, "isBuy": true, "qty": 353}, {"price": 4372, "isBuy": true, "qty": 53}], "symbol": "OIM", "venue": "OBMEX", "ts": "2016-05-02T07:26:09.557685225Z"}, {"ok": true, "asks": [{"price": 6848, "isBuy": false, "qty": 482}, {"price": 6884, "isBuy": false, "qty": 5793}, {"price": 6918, "isBuy": false, "qty": 5793}, {"price": 6952, "isBuy": false, "qty": 5793}], "bids": [{"price": 4415, "isBuy": true, "qty": 681}, {"price": 4415, "isBuy": true, "qty": 353}, {"price": 4372, "isBuy": true, "qty": 53}], "symbol": "OIM", "venue": "OBMEX", "ts": "2016-05-02T07:26:09.686544895Z"}, {"ok": true, "asks": [{"price": 6848, "isBuy": false, "qty": 482}, {"price": 6884, "isBuy": false, "qty": 5793}, {"price": 6918, "isBuy": false, "qty": 5793}, {"price": 6952, "isBuy": false, "qty": 5793}], "bids": [{"price": 4415, "isBuy": true, "qty": 681}, {"price": 4415, "isBuy": true, "qty": 353}, {"price": 4372, "isBuy": true, "qty": 53}], "symbol": "OIM", "venue": "OBMEX", "ts": "2016-05-02T07:26:09.848928801Z"}, {"ok": true, "asks": [{"price": 6848, "isBuy": false, "qty": 482}, {"price": 6884, "isBuy": false, "qty": 5793}, {"price": 6918, "isBuy": false, "qty": 5793}, {"price": 6952, "isBuy": false, "qty": 5793}], "bids": [{"price": 4415, "isBuy": true, "qty": 681}, {"price": 4415, "isBuy": true, "qty": 353}, {"price": 4372, "isBuy": true, "qty": 53}], "symbol": "OIM", "venue": "OBMEX", "ts": "2016-05-02T07:26:10.007516304Z"}, {"ok": true, "asks": [{"price": 6662, "isBuy": false, "qty": 5793}, {"price": 6695, "isBuy": false, "qty": 5793}, {"price": 6728, "isBuy": false, "qty": 5793}], "bids": [{"price": 6596, "isBuy": true, "qty": 4206}, {"price": 6563, "isBuy": true, "qty": 4206}, {"price": 6530, "isBuy": true, "qty": 4206}, {"price": 4415, "isBuy": true, "qty": 681}, {"price": 4415, "isBuy": true, "qty": 353}, {"price": 4372, "isBuy": true, "qty": 53}], "symbol": "OIM", "venue": "OBMEX", "ts": "2016-05-02T07:26:11.380487527Z"}, {"ok": true, "asks": [{"price": 6662, "isBuy": false, "qty": 5793}, {"price": 6695, "isBuy": false, "qty": 5793}, {"price": 6728, "isBuy": false, "qty": 5793}], "bids": [{"price": 6628, "isBuy": true, "qty": 164}, {"price": 6596, "isBuy": true, "qty": 4206}, {"price": 6563, "isBuy": true, "qty": 4206}, {"price": 6530, "isBuy": true, "qty": 4206}, {"price": 4415, "isBuy": true, "qty": 681}, {"price": 4415, "isBuy": true, "qty": 353}, {"price": 4372, "isBuy": true, "qty": 53}], "symbol": "OIM", "venue": "OBMEX", "ts": "2016-05-02T07:26:12.427348978Z"}, {"ok": true, "asks": [{"price": 6662, "isBuy": false, "qty": 5793}, {"price": 6695, "isBuy": false, "qty": 5793}, {"price": 6728, "isBuy": false, "qty": 5793}], "bids": [{"price": 6628, "isBuy": true, "qty": 164}, {"price": 6596, "isBuy": true, "qty": 4206}, {"price": 6563, "isBuy": true, "qty": 4206}, {"price": 6530, "isBuy": true, "qty": 4206}, {"price": 4415, "isBuy": true, "qty": 681}, {"price": 4415, "isBuy": true, "qty": 353}, {"price": 4372, "isBuy": true, "qty": 53}], "symbol": "OIM", "venue": "OBMEX", "ts": "2016-05-02T07:26:12.594394606Z"}, {"ok": true, "asks": [{"price": 6662, "isBuy": false, "qty": 5793}, {"price": 6695, "isBuy": false, "qty": 5793}, {"price": 6728, "isBuy": false, "qty": 5793}], "bids": [{"price": 6628, "isBuy": true, "qty": 164}, {"price": 6596, "isBuy": true, "qty": 4206}, {"price": 6563, "isBuy": true, "qty": 4206}, {"price": 6530, "isBuy": true, "qty": 4206}, {"price": 4415, "isBuy": true, "qty": 681}, {"price": 4415, "isBuy": true, "qty": 353}, {"price": 4372, "isBuy": true, "qty": 53}], "symbol": "OIM", "venue": "OBMEX", "ts": "2016-05-02T07:26:12.772612971Z"}, {"ok": true, "asks": [{"price": 6662, "isBuy": false, "qty": 5793}, {"price": 6695, "isBuy": false, "qty": 5793}, {"price": 6728, "isBuy": false, "qty": 5793}], "bids": [{"price": 6628, "isBuy": true, "qty": 164}, {"price": 6596, "isBuy": true, "qty": 4206}, {"price": 6563, "isBuy": true, "qty": 4206}, {"price": 6530, "isBuy": true, "qty": 4206}, {"price": 4415, "isBuy": true, "qty": 681}, {"price": 4415, "isBuy": true, "qty": 353}, {"price": 4372, "isBuy": true, "qty": 53}], "symbol": "OIM", "venue": "OBMEX", "ts": "2016-05-02T07:26:13.158127598Z"}, {"ok": true, "asks": [{"price": 6662, "isBuy": false, "qty": 5793}, {"price": 6695, "isBuy": false, "qty": 5793}, {"price": 6728, "isBuy": false, "qty": 5793}], "bids": [{"price": 6661, "isBuy": true, "qty": 254}, {"price": 6628, "isBuy": true, "qty": 164}, {"price": 6596, "isBuy": true, "qty": 4206}, {"price": 6563, "isBuy": true, "qty": 4206}, {"price": 6530, "isBuy": true, "qty": 4206}, {"price": 4415, "isBuy": true, "qty": 681}, {"price": 4415, "isBuy": true, "qty": 353}, {"price": 4372, "isBuy": true, "qty": 53}], "symbol": "OIM", "venue": "OBMEX", "ts": "2016-05-02T07:26:15.756421953Z"}, {"ok": true, "asks": [{"price": 6662, "isBuy": false, "qty": 5793}, {"price": 6695, "isBuy": false, "qty": 5793}, {"price": 6728, "isBuy": false, "qty": 5793}], "bids": [{"price": 6661, "isBuy": true, "qty": 254}, {"price": 6628, "isBuy": true, "qty": 164}, {"price": 6596, "isBuy": true, "qty": 4206}, {"price": 6563, "isBuy": true, "qty": 4206}, {"price": 6530, "isBuy": true, "qty": 4206}, {"price": 4415, "isBuy": true, "qty": 681}, {"price": 4415, "isBuy": true, "qty": 353}, {"price": 4372, "isBuy": true, "qty": 53}], "symbol": "OIM", "venue": "OBMEX", "ts": "2016-05-02T07:26:15.784606014Z"}, {"ok": true, "asks": [{"price": 6662, "isBuy": false, "qty": 4988}, {"price": 6695, "isBuy": false, "qty": 5793}, {"price": 6728, "isBuy": false, "qty": 5793}], "bids": [{"price": 6596, "isBuy": true, "qty": 4049}, {"price": 6563, "isBuy": true, "qty": 4206}, {"price": 6530, "isBuy": true, "qty": 4206}, {"price": 4415, "isBuy": true, "qty": 681}, {"price": 4415, "isBuy": true, "qty": 353}, {"price": 4372, "isBuy": true, "qty": 53}], "symbol": "OIM", "venue": "OBMEX", "ts": "2016-05-02T07:26:15.931865822Z"}, {"ok": true, "asks": [{"price": 7009, "isBuy": false, "qty": 5711}, {"price": 7043, "isBuy": false, "qty": 5711}, {"price": 7077, "isBuy": false, "qty": 5711}], "bids": [{"price": 4415, "isBuy": true, "qty": 681}, {"price": 4415, "isBuy": true, "qty": 353}, {"price": 4372, "isBuy": true, "qty": 53}], "symbol": "OIM", "venue": "OBMEX", "ts": "2016-05-02T07:26:16.117260274Z"}, {"ok": true, "asks": [{"price": 7009, "isBuy": false, "qty": 5711}, {"price": 7043, "isBuy": false, "qty": 5711}, {"price": 7077, "isBuy": false, "qty": 5711}], "bids": [{"price": 4415, "isBuy": true, "qty": 681}, {"price": 4415, "isBuy": true, "qty": 353}, {"price": 4372, "isBuy": true, "qty": 53}], "symbol": "OIM", "venue": "OBMEX", "ts": "2016-05-02T07:26:16.47130422Z"}, {"ok": true, "asks": [{"price": 7009, "isBuy": false, "qty": 5711}, {"price": 7043, "isBuy": false, "qty": 5711}, {"price": 7077, "isBuy": false, "qty": 5711}], "bids": [{"price": 6694, "isBuy": true, "qty": 209}, {"price": 4415, "isBuy": true, "qty": 681}, {"price": 4415, "isBuy": true, "qty": 353}, {"price": 4372, "isBuy": true, "qty": 53}], "symbol": "OIM", "venue": "OBMEX", "ts": "2016-05-02T07:26:16.806438052Z"}, {"ok": true, "asks": [{"price": 7009, "isBuy": false, "qty": 5711}, {"price": 7043, "isBuy": false, "qty": 5711}, {"price": 7077, "isBuy": false, "qty": 5711}], "bids": [{"price": 6694, "isBuy": true, "qty": 209}, {"price": 4415, "isBuy": true, "qty": 681}, {"price": 4415, "isBuy": true, "qty": 353}, {"price": 4372, "isBuy": true, "qty": 53}], "symbol": "OIM", "venue": "OBMEX", "ts": "2016-05-02T07:26:17.638956895Z"}, {"ok": true, "asks": [{"price": 7009, "isBuy": false, "qty": 5711}, {"price": 7043, "isBuy": false, "qty": 5711}, {"price": 7077, "isBuy": false, "qty": 5711}], "bids": [{"price": 6694, "isBuy": true, "qty": 209}, {"price": 4459, "isBuy": true, "qty": 22}, {"price": 4415, "isBuy": true, "qty": 681}, {"price": 4415, "isBuy": true, "qty": 353}, {"price": 4372, "isBuy": true, "qty": 53}], "symbol": "OIM", "venue": "OBMEX", "ts": "2016-05-02T07:26:19.25701709Z"}, {"ok": true, "asks": [{"price": 7009, "isBuy": false, "qty": 5711}, {"price": 7043, "isBuy": false, "qty": 5711}, {"price": 7077, "isBuy": false, "qty": 5711}], "bids": [{"price": 6694, "isBuy": true, "qty": 209}, {"price": 4459, "isBuy": true, "qty": 22}, {"price": 4415, "isBuy": true, "qty": 681}, {"price": 4415, "isBuy": true, "qty": 353}, {"price": 4372, "isBuy": true, "qty": 53}], "symbol": "OIM", "venue": "OBMEX", "ts": "2016-05-02T07:26:19.439513391Z"}, {"ok": true, "asks": [{"price": 6972, "isBuy": false, "qty": 329}, {"price": 7009, "isBuy": false, "qty": 5711}, {"price": 7043, "isBuy": false, "qty": 5711}, {"price": 7077, "isBuy": false, "qty": 5711}], "bids": [{"price": 6694, "isBuy": true, "qty": 209}, {"price": 4459, "isBuy": true, "qty": 22}, {"price": 4415, "isBuy": true, "qty": 681}, {"price": 4415, "isBuy": true, "qty": 353}, {"price": 4372, "isBuy": true, "qty": 53}], "symbol": "OIM", "venue": "OBMEX", "ts": "2016-05-02T07:26:19.601322181Z"}, {"ok": true, "asks": [{"price": 6972, "isBuy": false, "qty": 329}, {"price": 7009, "isBuy": false, "qty": 5711}, {"price": 7043, "isBuy": false, "qty": 5711}, {"price": 7077, "isBuy": false, "qty": 5711}], "bids": [{"price": 4459, "isBuy": true, "qty": 22}, {"price": 4415, "isBuy": true, "qty": 681}, {"price": 4415, "isBuy": true, "qty": 353}, {"price": 4372, "isBuy": true, "qty": 53}], "symbol": "OIM", "venue": "OBMEX", "ts": "2016-05-02T07:26:19.935269906Z"}, {"ok": true, "asks": [{"price": 6972, "isBuy": false, "qty": 329}, {"price": 7009, "isBuy": false, "qty": 5711}, {"price": 7043, "isBuy": false, "qty": 5711}, {"price": 7077, "isBuy": false, "qty": 5711}], "bids": [{"price": 4415, "isBuy": true, "qty": 681}, {"price": 4415, "isBuy": true, "qty": 353}, {"price": 4372, "isBuy": true, "qty": 53}], "symbol": "OIM", "venue": "OBMEX", "ts": "2016-05-02T07:26:20.195949789Z"}, {"ok": true, "asks": [{"price": 6972, "isBuy": false, "qty": 329}, {"price": 7009, "isBuy": false, "qty": 5711}, {"price": 7043, "isBuy": false, "qty": 5711}, {"price": 7077, "isBuy": false, "qty": 5711}], "bids": [{"price": 4415, "isBuy": true, "qty": 681}, {"price": 4415, "isBuy": true, "qty": 353}, {"price": 4372, "isBuy": true, "qty": 53}], "symbol": "OIM", "venue": "OBMEX", "ts": "2016-05-02T07:26:20.254366374Z"}, {"ok": true, "asks": [{"price": 6938, "isBuy": false, "qty": 165}, {"price": 8514, "isBuy": false, "qty": 11356}], "bids": [{"price": 6436, "isBuy": true, "qty": 4288}, {"price": 6404, "isBuy": true, "qty": 4288}, {"price": 6372, "isBuy": true, "qty": 4288}, {"price": 4459, "isBuy": true, "qty": 127}, {"price": 4415, "isBuy": true, "qty": 681}, {"price": 4415, "isBuy": true, "qty": 353}, {"price": 4372, "isBuy": true, "qty": 53}], "symbol": "OIM", "venue": "OBMEX", "ts": "2016-05-02T07:26:22.923910914Z"}, {"ok": true, "asks": [{"price": 6938, "isBuy": false, "qty": 165}, {"price": 8514, "isBuy": false, "qty": 11356}], "bids": [{"price": 6436, "isBuy": true, "qty": 4288}, {"price": 6404, "isBuy": true, "qty": 4288}, {"price": 6372, "isBuy": true, "qty": 4288}, {"price": 4459, "isBuy": true, "qty": 127}, {"price": 4415, "isBuy": true, "qty": 681}, {"price": 4415, "isBuy": true, "qty": 353}, {"price": 4372, "isBuy": true, "qty": 53}], "symbol": "OIM", "venue": "OBMEX", "ts": "2016-05-02T07:26:23.095383175Z"}, {"ok": true, "asks": [{"price": 6938, "isBuy": false, "qty": 165}, {"price": 8514, "isBuy": false, "qty": 11356}], "bids": [{"price": 6436, "isBuy": true, "qty": 4288}, {"price": 6404, "isBuy": true, "qty": 4288}, {"price": 6372, "isBuy": true, "qty": 4288}, {"price": 4459, "isBuy": true, "qty": 127}, {"price": 4415, "isBuy": true, "qty": 681}, {"price": 4415, "isBuy": true, "qty": 353}, {"price": 4372, "isBuy": true, "qty": 53}], "symbol": "OIM", "venue": "OBMEX", "ts": "2016-05-02T07:26:23.25484303Z"}, {"ok": true, "asks": [{"price": 6938, "isBuy": false, "qty": 165}, {"price": 8514, "isBuy": false, "qty": 11356}], "bids": [{"price": 6436, "isBuy": true, "qty": 4288}, {"price": 6404, "isBuy": true, "qty": 4288}, {"price": 6372, "isBuy": true, "qty": 4288}, {"price": 4459, "isBuy": true, "qty": 127}, {"price": 4415, "isBuy": true, "qty": 681}, {"price": 4415, "isBuy": true, "qty": 353}, {"price": 4372, "isBuy": true, "qty": 53}], "symbol": "OIM", "venue": "OBMEX", "ts": "2016-05-02T07:26:23.336930276Z"}, {"ok": true, "asks": [{"price": 6938, "isBuy": false, "qty": 165}, {"price": 8514, "isBuy": false, "qty": 11356}], "bids": [{"price": 6436, "isBuy": true, "qty": 4288}, {"price": 6404, "isBuy": true, "qty": 4288}, {"price": 6372, "isBuy": true, "qty": 4288}, {"price": 4459, "isBuy": true, "qty": 127}, {"price": 4415, "isBuy": true, "qty": 681}, {"price": 4415, "isBuy": true, "qty": 353}, {"price": 4372, "isBuy": true, "qty": 53}], "symbol": "OIM", "venue": "OBMEX", "ts": "2016-05-02T07:26:23.429580886Z"}, {"ok": true, "asks": [{"price": 6938, "isBuy": false, "qty": 165}, {"price": 8428, "isBuy": false, "qty": 82}, {"price": 8514, "isBuy": false, "qty": 11356}], "bids": [{"price": 6468, "isBuy": true, "qty": 228}, {"price": 6436, "isBuy": true, "qty": 4288}, {"price": 6404, "isBuy": true, "qty": 4288}, {"price": 6372, "isBuy": true, "qty": 4288}, {"price": 4459, "isBuy": true, "qty": 127}, {"price": 4415, "isBuy": true, "qty": 681}, {"price": 4415, "isBuy": true, "qty": 353}, {"price": 4372, "isBuy": true, "qty": 53}], "symbol": "OIM", "venue": "OBMEX", "ts": "2016-05-02T07:26:25.808696589Z"}, {"ok": true, "asks": [{"price": 6938, "isBuy": false, "qty": 165}, {"price": 8428, "isBuy": false, "qty": 82}, {"price": 8514, "isBuy": false, "qty": 11356}], "bids": [{"price": 6468, "isBuy": true, "qty": 228}, {"price": 6436, "isBuy": true, "qty": 4288}, {"price": 6404, "isBuy": true, "qty": 4288}, {"price": 6372, "isBuy": true, "qty": 4288}, {"price": 4459, "isBuy": true, "qty": 127}, {"price": 4415, "isBuy": true, "qty": 681}, {"price": 4415, "isBuy": true, "qty": 353}, {"price": 4372, "isBuy": true, "qty": 53}], "symbol": "OIM", "venue": "OBMEX", "ts": "2016-05-02T07:26:25.881683754Z"}, {"ok": true, "asks": [{"price": 9059, "isBuy": false, "qty": 2868}, {"price": 9104, "isBuy": false, "qty": 2868}, {"price": 9149, "isBuy": false, "qty": 2868}], "bids": [{"price": 9014, "isBuy": true, "qty": 45059}, {"price": 6468, "isBuy": true, "qty": 228}, {"price": 4459, "isBuy": true, "qty": 127}, {"price": 4415, "isBuy": true, "qty": 681}, {"price": 4415, "isBuy": true, "qty": 353}, {"price": 4372, "isBuy": true, "qty": 53}], "symbol": "OIM", "venue": "OBMEX", "ts": "2016-05-02T07:26:26.065725278Z"}, {"ok": true, "asks": [{"price": 9059, "isBuy": false, "qty": 2868}, {"price": 9104, "isBuy": false, "qty": 2868}, {"price": 9149, "isBuy": false, "qty": 2868}], "bids": [{"price": 9014, "isBuy": true, "qty": 45059}, {"price": 7083, "isBuy": true, "qty": 7132}, {"price": 7048, "isBuy": true, "qty": 7132}, {"price": 7013, "isBuy": true, "qty": 7132}, {"price": 6468, "isBuy": true, "qty": 228}, {"price": 4459, "isBuy": true, "qty": 127}, {"price": 4415, "isBuy": true, "qty": 681}, {"price": 4415, "isBuy": true, "qty": 353}, {"price": 4372, "isBuy": true, "qty": 53}], "symbol": "OIM", "venue": "OBMEX", "ts": "2016-05-02T07:26:26.227932192Z"}, {"ok": true, "asks": [{"price": 9059, "isBuy": false, "qty": 2868}, {"price": 9104, "isBuy": false, "qty": 2868}, {"price": 9149, "isBuy": false, "qty": 2868}], "bids": [{"price": 9014, "isBuy": true, "qty": 45059}, {"price": 7083, "isBuy": true, "qty": 7132}, {"price": 7048, "isBuy": true, "qty": 7132}, {"price": 7013, "isBuy": true, "qty": 7132}, {"price": 6468, "isBuy": true, "qty": 228}, {"price": 4459, "isBuy": true, "qty": 127}, {"price": 4415, "isBuy": true, "qty": 681}, {"price": 4415, "isBuy": true, "qty": 353}, {"price": 4372, "isBuy": true, "qty": 53}], "symbol": "OIM", "venue": "OBMEX", "ts": "2016-05-02T07:26:26.411290117Z"}, {"ok": true, "asks": [{"price": 9059, "isBuy": false, "qty": 2868}, {"price": 9104, "isBuy": false, "qty": 2868}, {"price": 9149, "isBuy": false, "qty": 2868}], "bids": [{"price": 9014, "isBuy": true, "qty": 45059}, {"price": 7083, "isBuy": true, "qty": 7132}, {"price": 7048, "isBuy": true, "qty": 7132}, {"price": 7013, "isBuy": true, "qty": 7132}, {"price": 6468, "isBuy": true, "qty": 228}, {"price": 4459, "isBuy": true, "qty": 127}, {"price": 4415, "isBuy": true, "qty": 681}, {"price": 4415, "isBuy": true, "qty": 353}, {"price": 4372, "isBuy": true, "qty": 53}], "symbol": "OIM", "venue": "OBMEX", "ts": "2016-05-02T07:26:26.58882637Z"}