[{"ok": true, "asks": [{"price": 7004, "isBuy": false, "qty": 131}, {"price": 7038, "isBuy": false, "qty": 131}, {"price": 7072, "isBuy": false, "qty": 131}], "bids": [{"price": 6936, "isBuy": true, "qty": 312}, {"price": 6902, "isBuy": true, "qty": 312}, {"price": 6868, "isBuy": true, "qty": 312}], "symbol": "ELUS", "venue": "RFBBEX", "ts": "2016-04-14T16:05:52.658660808Z"}, {"ok": true, "asks": [{"price": 7004, "isBuy": false, "qty": 131}, {"price": 7038, "isBuy": false, "qty": 131}, {"price": 7072, "isBuy": false, "qty": 131}, {"price": 7213, "isBuy": false, "qty": 131}], "bids": [{"price": 6936, "isBuy": true, "qty": 312}, {"price": 6902, "isBuy": true, "qty": 312}, {"price": 6902, "isBuy": true, "qty": 250}, {"price": 6868, "isBuy": true, "qty": 312}], "symbol": "ELUS", "venue": "RFBBEX", "ts": "2016-04-14T16:05:53.248428052Z"}, {"ok": true, "asks": [{"price": 7004, "isBuy": false, "qty": 131}, {"price": 7038, "isBuy": false, "qty": 131}, {"price": 7072, "isBuy": false, "qty": 131}, {"price": 7213, "isBuy": false, "qty": 131}], "bids": [{"price": 6936, "isBuy": true, "qty": 312}, {"price": 6902, "isBuy": true, "qty": 312}, {"price": 6902, "isBuy": true, "qty": 250}, {"price": 6868, "isBuy": true, "qty": 312}], "symbol": "ELUS", "venue": "RFBBEX", "ts": "2016-04-14T16:05:53.349707495Z"}, {"ok": true, "asks": [{"price": 7004, "isBuy": false, "qty": 131}, {"price": 7038, "isBuy": false, "qty": 131}, {"price": 7072, "isBuy": false, "qty": 131}, {"price": 7213, "isBuy": false, "qty": 131}], "bids": [{"price": 6936, "isBuy": true, "qty": 312}, {"price": 6902, "isBuy": true, "qty": 312}, {"price": 6902, "isBuy": true, "qty": 250}, {"price": 6868, "isBuy": true, "qty": 312}], "symbol": "ELUS", "venue": "RFBBEX", "ts": "2016-04-14T16:05:55.56152315Z"}, {"ok": true, "asks": [{"price": 7004, "isBuy": false, "qty": 131}, {"price": 7038, "isBuy": false, "qty": 131}, {"price": 7072, "isBuy": false, "qty": 131}, {"price": 7213, "isBuy": false, "qty": 131}, {"price": 7213, "isBuy": false, "qty": 131}], "bids": [{"price": 6936, "isBuy": true, "qty": 312}, {"price": 6902, "isBuy": true, "qty": 312}, {"price": 6902, "isBuy": true, "qty": 250}, {"price": 6902, "isBuy": true, "qty": 250}, {"price": 6868, "isBuy": true, "qty": 312}], "symbol": "ELUS", "venue": "RFBBEX", "ts": "2016-04-14T16:05:56.167183087Z"}, {"ok": true, "asks": [{"price": 7004, "isBuy": false, "qty": 131}, {"price": 7038, "isBuy": false, "qty": 131}, {"price": 7072, "isBuy": false, "qty": 131}, {"price": 7213, "isBuy": false, "qty": 131}, {"price": 7213, "isBuy": false, "qty": 131}], "bids": [{"price": 6936, "isBuy": true, "qty": 312}, {"price": 6902, "isBuy": true, "qty": 312}, {"price": 6902, "isBuy": true, "qty": 250}, {"price": 6902, "isBuy": true, "qty": 250}, {"price": 6868, "isBuy": true, "qty": 312}], "symbol": "ELUS", "venue": "RFBBEX", "ts": "2016-04-14T16:05:56.261521991Z"}, {"ok": true, "asks": [{"price": 7004, "isBuy": false, "qty": 131}, {"price": 7038, "isBuy": false, "qty": 131}, {"price": 7072, "isBuy": false, "qty": 131}, {"price": 7213, "isBuy": false, "qty": 131}, {"price": 7213, "isBuy": false, "qty": 131}], "bids": [{"price": 6936, "isBuy": true, "qty": 312}, {"price": 6902, "isBuy": true, "qty": 312}, {"price": 6902, "isBuy": true, "qty": 250}, {"price": 6902, "isBuy": true, "qty": 250}, {"price": 6868, "isBuy": true, "qty": 312}], "symbol": "ELUS", "venue": "RFBBEX", "ts": "2016-04-14T16:05:56.389718441Z"}, {"ok": true, "asks": [{"price": 7004, "isBuy": false, "qty": 131}, {"price": 7038, "isBuy": false, "qty": 131}, {"price": 7072, "isBuy": false, "qty": 131}, {"price": 7213, "isBuy": false, "qty": 131}, {"price": 7213, "isBuy": false, "qty": 131}], "bids": [{"price": 6936, "isBuy": true, "qty": 312}, {"price": 6902, "isBuy": true, "qty": 312}, {"price": 6902, "isBuy": true, "qty": 250}, {"price": 6902, "isBuy": true, "qty": 250}, {"price": 6868, "isBuy": true, "qty": 312}], "symbol": "ELUS", "venue": "RFBBEX", "ts": "2016-04-14T16:05:56.496037418Z"}, {"ok": true, "asks": [{"price": 7446, "isBuy": false, "qty": 104}], "bids": [{"price": 7353, "isBuy": true, "qty": 217}, {"price": 6902, "isBuy": true, "qty": 250}, {"price": 6902, "isBuy": true, "qty": 250}], "symbol": "ELUS", "venue": "RFBBEX", "ts": "2016-04-14T16:05:58.694039452Z"}, {"ok": true, "asks": [{"price": 7446, "isBuy": false, "qty": 104}], "bids": [{"price": 7353, "isBuy": true, "qty": 217}, {"price": 6902, "isBuy": true, "qty": 250}, {"price": 6902, "isBuy": true, "qty": 250}], "symbol": "ELUS", "venue": "RFBBEX", "ts": "2016-04-14T16:05:59.082556272Z"}, {"ok": true, "asks": [{"price": 7446, "isBuy": false, "qty": 104}], "bids": [{"price": 7353, "isBuy": true, "qty": 217}, {"price": 6902, "isBuy": true, "qty": 250}, {"price": 6902, "isBuy": true, "qty": 250}], "symbol": "ELUS", "venue": "RFBBEX", "ts": "2016-04-14T16:05:59.177783541Z"}, {"ok": true, "asks": [{"price": 7446, "isBuy": false, "qty": 104}], "bids": [{"price": 7353, "isBuy": true, "qty": 217}, {"price": 6902, "isBuy": true, "qty": 250}, {"price": 6902, "isBuy": true, "qty": 250}], "symbol": "ELUS", "venue": "RFBBEX", "ts": "2016-04-14T16:06:01.361381927Z"}, {"ok": true, "asks": [{"price": 7446, "isBuy": false, "qty": 104}], "bids": [{"price": 7353, "isBuy": true, "qty": 217}, {"price": 6902, "isBuy": true, "qty": 250}, {"price": 6902, "isBuy": true, "qty": 250}], "symbol": "ELUS", "venue": "RFBBEX", "ts": "2016-04-14T16:06:01.758560769Z"}, {"ok": true, "asks": [{"price": 7446, "isBuy": false, "qty": 104}], "bids": [{"price": 7353, "isBuy": true, "qty": 217}, {"price": 6902, "isBuy": true, "qty": 250}, {"price": 6902, "isBuy": true, "qty": 250}], "symbol": "ELUS", "venue": "RFBBEX", "ts": "2016-04-14T16:06:01.85092873Z"}, {"ok": true, "asks": [{"price": 7175, "isBuy": false, "qty": 73}, {"price": 7210, "isBuy": false, "qty": 73}, {"price": 7245, "isBuy": false, "qty": 73}], "bids": [{"price": 7140, "isBuy": true, "qty": 240}, {"price": 6902, "isBuy": true, "qty": 238}, {"price": 6902, "isBuy": true, "qty": 250}, {"price": 6875, "isBuy": true, "qty": 426}, {"price": 6841, "isBuy": true, "qty": 426}, {"price": 6807, "isBuy": true, "qty": 426}], "symbol": "ELUS", "venue": "RFBBEX", "ts": "2016-04-14T16:06:04.043594173Z"}, {"ok": true, "asks": [{"price": 7175, "isBuy": false, "qty": 73}, {"price": 7210, "isBuy": false, "qty": 73}, {"price": 7245, "isBuy": false, "qty": 73}, {"price": 7390, "isBuy": false, "qty": 73}], "bids": [{"price": 7140, "isBuy": true, "qty": 240}, {"price": 6902, "isBuy": true, "qty": 238}, {"price": 6902, "isBuy": true, "qty": 250}, {"price": 6902, "isBuy": true, "qty": 238}, {"price": 6875, "isBuy": true, "qty": 426}, {"price": 6841, "isBuy": true, "qty": 426}, {"price": 6807, "isBuy": true, "qty": 426}], "symbol": "ELUS", "venue": "RFBBEX", "ts": "2016-04-14T16:06:04.739496785Z"}, {"ok": true, "asks": [{"price": 7175, "isBuy": false, "qty": 73}, {"price": 7210, "isBuy": false, "qty": 73}, {"price": 7245, "isBuy": false, "qty": 73}, {"price": 7390, "isBuy": false, "qty": 73}], "bids": [{"price": 7140, "isBuy": true, "qty": 240}, {"price": 6902, "isBuy": true, "qty": 238}, {"price": 6902, "isBuy": true, "qty": 250}, {"price": 6902, "isBuy": true, "qty": 238}, {"price": 6875, "isBuy": true, "qty": 426}, {"price": 6841, "isBuy": true, "qty": 426}, {"price": 6807, "isBuy": true, "qty": 426}], "symbol": "ELUS", "venue": "RFBBEX", "ts": "2016-04-14T16:06:04.834707937Z"}, {"ok": true, "asks": [{"price": 7175, "isBuy": false, "qty": 73}, {"price": 7210, "isBuy": false, "qty": 73}, {"price": 7245, "isBuy": false, "qty": 73}, {"price": 7390, "isBuy": false, "qty": 73}], "bids": [{"price": 7140, "isBuy": true, "qty": 240}, {"price": 6902, "isBuy": true, "qty": 238}, {"price": 6902, "isBuy": true, "qty": 250}, {"price": 6902, "isBuy": true, "qty": 238}, {"price": 6875, "isBuy": true, "qty": 426}, {"price": 6841, "isBuy": true, "qty": 426}, {"price": 6807, "isBuy": true, "qty": 426}], "symbol": "ELUS", "venue": "RFBBEX", "ts": "2016-04-14T16:06:04.927816652Z"}, {"ok": true, "asks": [{"price": 7175, "isBuy": false, "qty": 73}, {"price": 7210, "isBuy": false, "qty": 73}, {"price": 7245, "isBuy": false, "qty": 73}, {"price": 7390, "isBuy": false, "qty": 73}], "bids": [{"price": 7140, "isBuy": true, "qty": 240}, {"price": 6902, "isBuy": true, "qty": 238}, {"price": 6902, "isBuy": true, "qty": 250}, {"price": 6902, "isBuy": true, "qty": 238}, {"price": 6875, "isBuy": true, "qty": 426}, {"price": 6841, "isBuy": true, "qty": 426}, {"price": 6807, "isBuy": true, "qty": 426}], "symbol": "ELUS", "venue": "RFBBEX", "ts": "2016-04-14T16:06:05.023596849Z"}, {"ok": true, "asks": [{"price": 6975, "isBuy": false, "qty": 51}, {"price": 7009, "isBuy": false, "qty": 51}, {"price": 7043, "isBuy": false, "qty": 51}], "bids": [{"price": 6907, "isBuy": true, "qty": 448}, {"price": 6902, "isBuy": true, "qty": 238}, {"price": 6902, "isBuy": true, "qty": 250}, {"price": 6902, "isBuy": true, "qty": 238}, {"price": 6873, "isBuy": true, "qty": 448}, {"price": 6839, "isBuy": true, "qty": 448}], "symbol": "ELUS", "venue": "RFBBEX", "ts": "2016-04-14T16:06:07.262770404Z"}, {"ok": true, "asks": [{"price": 6975, "isBuy": false, "qty": 51}, {"price": 7009, "isBuy": false, "qty": 51}, {"price": 7043, "isBuy": false, "qty": 51}, {"price": 7184, "isBuy": false, "qty": 51}], "bids": [{"price": 6907, "isBuy": true, "qty": 448}, {"price": 6902, "isBuy": true, "qty": 238}, {"price": 6902, "isBuy": true, "qty": 250}, {"price": 6902, "isBuy": true, "qty": 238}, {"price": 6902, "isBuy": true, "qty": 238}, {"price": 6873, "isBuy": true, "qty": 448}, {"price": 6839, "isBuy": true, "qty": 448}], "symbol": "ELUS", "venue": "RFBBEX", "ts": "2016-04-14T16:06:07.883689304Z"}, {"ok": true, "asks": [{"price": 6975, "isBuy": false, "qty": 51}, {"price": 7009, "isBuy": false, "qty": 51}, {"price": 7043, "isBuy": false, "qty": 51}, {"price": 7184, "isBuy": false, "qty": 51}], "bids": [{"price": 6907, "isBuy": true, "qty": 448}, {"price": 6902, "isBuy": true, "qty": 238}, {"price": 6902, "isBuy": true, "qty": 250}, {"price": 6902, "isBuy": true, "qty": 238}, {"price": 6902, "isBuy": true, "qty": 238}, {"price": 6873, "isBuy": true, "qty": 448}, {"price": 6839, "isBuy": true, "qty": 448}], "symbol": "ELUS", "venue": "RFBBEX", "ts": "2016-04-14T16:06:08.022304965Z"}, {"ok": true, "asks": [{"price": 6975, "isBuy": false, "qty": 51}, {"price": 7009, "isBuy": false, "qty": 51}, {"price": 7043, "isBuy": false, "qty": 51}, {"price": 7184, "isBuy": false, "qty": 51}], "bids": [{"price": 6907, "isBuy": true, "qty": 448}, {"price": 6902, "isBuy": true, "qty": 238}, {"price": 6902, "isBuy": true, "qty": 250}, {"price": 6902, "isBuy": true, "qty": 238}, {"price": 6902, "isBuy": true, "qty": 238}, {"price": 6873, "isBuy": true, "qty": 448}, {"price": 6839, "isBuy": true, "qty": 448}], "symbol": "ELUS", "venue": "RFBBEX", "ts": "2016-04-14T16:06:08.153685506Z"}, {"ok": true, "asks": [{"price": 6975, "isBuy": false, "qty": 51}, {"price": 7009, "isBuy": false, "qty": 51}, {"price": 7043, "isBuy": false, "qty": 51}, {"price": 7184, "isBuy": false, "qty": 51}], "bids": [{"price": 6907, "isBuy": true, "qty": 448}, {"price": 6902, "isBuy": true, "qty": 238}, {"price": 6902, "isBuy": true, "qty": 250}, {"price": 6902, "isBuy": true, "qty": 238}, {"price": 6902, "isBuy": true, "qty": 238}, {"price": 6873, "isBuy": true, "qty": 448}, {"price": 6839, "isBuy": true, "qty": 448}], "symbol": "ELUS", "venue": "RFBBEX", "ts": "2016-04-14T16:06:08.281496224Z"}, {"ok": true, "asks": [{"price": 6975, "isBuy": false, "qty": 51}, {"price": 7009, "isBuy": false, "qty": 51}, {"price": 7043, "isBuy": false, "qty": 51}, {"price": 7184, "isBuy": false, "qty": 51}], "bids": [{"price": 6907, "isBuy": true, "qty": 448}, {"price": 6902, "isBuy": true, "qty": 238}, {"price": 6902, "isBuy": true, "qty": 250}, {"price": 6902, "isBuy": true, "qty": 238}, {"price": 6902, "isBuy": true, "qty": 238}, {"price": 6873, "isBuy": true, "qty": 448}, {"price": 6839, "isBuy": true, "qty": 448}], "symbol": "ELUS", "venue": "RFBBEX", "ts": "2016-04-14T16:06:08.409739807Z"}, {"ok": true, "asks": [{"price": 6975, "isBuy": false, "qty": 51}, {"price": 7009, "isBuy": false, "qty": 51}, {"price": 7043, "isBuy": false, "qty": 51}, {"price": 7184, "isBuy": false, "qty": 51}], "bids": [{"price": 6907, "isBuy": true, "qty": 448}, {"price": 6902, "isBuy": true, "qty": 238}, {"price": 6902, "isBuy": true, "qty": 250}, {"price": 6902, "isBuy": true, "qty": 238}, {"price": 6902, "isBuy": true, "qty": 238}, {"price": 6873, "isBuy": true, "qty": 448}, {"price": 6839, "isBuy": true, "qty": 448}], "symbol": "ELUS", "venue": "RFBBEX", "ts": "2016-04-14T16:06:10.60122641Z"}, {"ok": true, "asks": [{"price": 6975, "isBuy": false, "qty": 51}, {"price": 7009, "isBuy": false, "qty": 51}, {"price": 7043, "isBuy": false, "qty": 51}, {"price": 7184, "isBuy": false, "qty": 51}, {"price": 7184, "isBuy": false, "qty": 51}], "bids": [{"price": 6907, "isBuy": true, "qty": 448}, {"price": 6902, "isBuy": true, "qty": 238}, {"price": 6902, "isBuy": true, "qty": 250}, {"price": 6902, "isBuy": true, "qty": 238}, {"price": 6902, "isBuy": true, "qty": 238}, {"price": 6902, "isBuy": true, "qty": 238}, {"price": 6873, "isBuy": true, "qty": 448}, {"price": 6839, "isBuy": true, "qty": 448}], "symbol": "ELUS", "venue": "RFBBEX", "ts": "2016-04-14T16:06:11.16337882Z"}, {"ok": true, "asks": [{"price": 6975, "isBuy": false, "qty": 51}, {"price": 7009, "isBuy": false, "qty": 51}, {"price": 7043, "isBuy": false, "qty": 51}, {"price": 7184, "isBuy": false, "qty": 51}, {"price": 7184, "isBuy": false, "qty": 51}], "bids": [{"price": 6907, "isBuy": true, "qty": 448}, {"price": 6902, "isBuy": true, "qty": 238}, {"price": 6902, "isBuy": true, "qty": 250}, {"price": 6902, "isBuy": true, "qty": 238}, {"price": 6902, "isBuy": true, "qty": 238}, {"price": 6902, "isBuy": true, "qty": 238}, {"price": 6873, "isBuy": true, "qty": 448}, {"price": 6839, "isBuy": true, "qty": 448}], "symbol": "ELUS", "venue": "RFBBEX", "ts": "2016-04-14T16:06:11.258273989Z"}, {"ok": true, "asks": [{"price": 6975, "isBuy": false, "qty": 51}, {"price": 7009, "isBuy": false, "qty": 51}, {"price": 7043, "isBuy": false, "qty": 51}, {"price": 7184, "isBuy": false, "qty": 51}, {"price": 7184, "isBuy": false, "qty": 51}], "bids": [{"price": 6907, "isBuy": true, "qty": 448}, {"price": 6902, "isBuy": true, "qty": 238}, {"price": 6902, "isBuy": true, "qty": 250}, {"price": 6902, "isBuy": true, "qty": 238}, {"price": 6902, "isBuy": true, "qty": 238}, {"price": 6902, "isBuy": true, "qty": 238}, {"price": 6873, "isBuy": true, "qty": 448}, {"price": 6839, "isBuy": true, "qty": 448}], "symbol": "ELUS", "venue": "RFBBEX", "ts": "2016-04-14T16:06:11.352564077Z"}, {"ok": true, "asks": [{"price": 6975, "isBuy": false, "qty": 51}, {"price": 7009, "isBuy": false, "qty": 51}, {"price": 7043, "isBuy": false, "qty": 51}, {"price": 7184, "isBuy": false, "qty": 51}, {"price": 7184, "isBuy": false, "qty": 51}], "bids": [{"price": 6907, "isBuy": true, "qty": 448}, {"price": 6902, "isBuy": true, "qty": 238}, {"price": 6902, "isBuy": true, "qty": 250}, {"price": 6902, "isBuy": true, "qty": 238}, {"price": 6902, "isBuy": true, "qty": 238}, {"price": 6902, "isBuy": true, "qty": 238}, {"price": 6873, "isBuy": true, "qty": 448}, {"price": 6839, "isBuy": true, "qty": 448}], "symbol": "ELUS", "venue": "RFBBEX", "ts": "2016-04-14T16:06:11.441731864Z"}, {"ok": true, "asks": [{"price": 6975, "isBuy": false, "qty": 51}, {"price": 7009, "isBuy": false, "qty": 51}, {"price": 7043, "isBuy": false, "qty": 51}, {"price": 7184, "isBuy": false, "qty": 51}, {"price": 7184, "isBuy": false, "qty": 51}], "bids": [{"price": 6907, "isBuy": true, "qty": 448}, {"price": 6902, "isBuy": true, "qty": 238}, {"price": 6902, "isBuy": true, "qty": 250}, {"price": 6902, "isBuy": true, "qty": 238}, {"price": 6902, "isBuy": true, "qty": 238}, {"price": 6902, "isBuy": true, "qty": 238}, {"price": 6873, "isBuy": true, "qty": 448}, {"price": 6839, "isBuy": true, "qty": 448}], "symbol": "ELUS", "venue": "RFBBEX", "ts": "2016-04-14T16:06:11.53364685Z"}, {"ok": true, "asks": [{"price": 6975, "isBuy": false, "qty": 51}, {"price": 7009, "isBuy": false, "qty": 51}, {"price": 7043, "isBuy": false, "qty": 51}, {"price": 7184, "isBuy": false, "qty": 51}, {"price": 7184, "isBuy": false, "qty": 51}], "bids": [{"price": 6907, "isBuy": true, "qty": 448}, {"price": 6902, "isBuy": true, "qty": 238}, {"price": 6902, "isBuy": true, "qty": 250}, {"price": 6902, "isBuy": true, "qty": 238}, {"price": 6902, "isBuy": true, "qty": 238}, {"price": 6902, "isBuy": true, "qty": 238}, {"price": 6873, "isBuy": true, "qty": 448}, {"price": 6839, "isBuy": true, "qty": 448}], "symbol": "ELUS", "venue": "RFBBEX", "ts": "2016-04-14T16:06:11.62646896Z"}, {"ok": true, "asks": [{"price": 6975, "isBuy": false, "qty": 51}, {"price": 7009, "isBuy": false, "qty": 51}, {"price": 7043, "isBuy": false, "qty": 51}, {"price": 7184, "isBuy": false, "qty": 51}, {"price": 7184, "isBuy": false, "qty": 51}], "bids": [{"price": 6907, "isBuy": true, "qty": 448}, {"price": 6902, "isBuy": true, "qty": 238}, {"price": 6902, "isBuy": true, "qty": 250}, {"price": 6902, "isBuy": true, "qty": 238}, {"price": 6902, "isBuy": true, "qty": 238}, {"price": 6902, "isBuy": true, "qty": 238}, {"price": 6873, "isBuy": true, "qty": 448}, {"price": 6839, "isBuy": true, "qty": 448}], "symbol": "ELUS", "venue": "RFBBEX", "ts": "2016-04-14T16:06:11.719428124Z"}, {"ok": true, "asks": [{"price": 6936, "isBuy": false, "qty": 28}, {"price": 6970, "isBuy": false, "qty": 28}, {"price": 7004, "isBuy": false, "qty": 28}], "bids": [{"price": 6902, "isBuy": true, "qty": 238}, {"price": 6902, "isBuy": true, "qty": 250}, {"price": 6902, "isBuy": true, "qty": 238}, {"price": 6902, "isBuy": true, "qty": 238}, {"price": 6902, "isBuy": true, "qty": 238}, {"price": 6695, "isBuy": true, "qty": 460}, {"price": 6662, "isBuy": true, "qty": 460}, {"price": 6629, "isBuy": true, "qty": 460}], "symbol": "ELUS", "venue": "RFBBEX", "ts": "2016-04-14T16:06:13.907424717Z"}, {"ok": true, "asks": [{"price": 6936, "isBuy": false, "qty": 28}, {"price": 6970, "isBuy": false, "qty": 28}, {"price": 7004, "isBuy": false, "qty": 28}, {"price": 7144, "isBuy": false, "qty": 28}], "bids": [{"price": 6902, "isBuy": true, "qty": 238}, {"price": 6902, "isBuy": true, "qty": 250}, {"price": 6902, "isBuy": true, "qty": 238}, {"price": 6902, "isBuy": true, "qty": 238}, {"price": 6902, "isBuy": true, "qty": 238}, {"price": 6902, "isBuy": true, "qty": 250}, {"price": 6695, "isBuy": true, "qty": 460}, {"price": 6662, "isBuy": true, "qty": 460}, {"price": 6629, "isBuy": true, "qty": 460}], "symbol": "ELUS", "venue": "RFBBEX", "ts": "2016-04-14T16:06:15.681816872Z"}, {"ok": true, "asks": [{"price": 6936, "isBuy": false, "qty": 28}, {"price": 6970, "isBuy": false, "qty": 28}, {"price": 7004, "isBuy": false, "qty": 28}, {"price": 7144, "isBuy": false, "qty": 28}], "bids": [{"price": 6902, "isBuy": true, "qty": 238}, {"price": 6902, "isBuy": true, "qty": 250}, {"price": 6902, "isBuy": true, "qty": 238}, {"price": 6902, "isBuy": true, "qty": 238}, {"price": 6902, "isBuy": true, "qty": 238}, {"price": 6902, "isBuy": true, "qty": 250}, {"price": 6695, "isBuy": true, "qty": 460}, {"price": 6662, "isBuy": true, "qty": 460}, {"price": 6629, "isBuy": true, "qty": 460}], "symbol": "ELUS", "venue": "RFBBEX", "ts": "2016-04-14T16:06:15.784334211Z"}, {"ok": true, "asks": [{"price": 6936, "isBuy": false, "qty": 28}, {"price": 6970, "isBuy": false, "qty": 28}, {"price": 7004, "isBuy": false, "qty": 28}, {"price": 7144, "isBuy": false, "qty": 28}], "bids": [{"price": 6902, "isBuy": true, "qty": 238}, {"price": 6902, "isBuy": true, "qty": 250}, {"price": 6902, "isBuy": true, "qty": 238}, {"price": 6902, "isBuy": true, "qty": 238}, {"price": 6902, "isBuy": true, "qty": 238}, {"price": 6902, "isBuy": true, "qty": 250}, {"price": 6695, "isBuy": true, "qty": 460}, {"price": 6662, "isBuy": true, "qty": 460}, {"price": 6629, "isBuy": true, "qty": 460}], "symbol": "ELUS", "venue": "RFBBEX", "ts": "2016-04-14T16:06:15.875061607Z"}, {"ok": true, "asks": [{"price": 6936, "isBuy": false, "qty": 28}, {"price": 6970, "isBuy": false, "qty": 28}, {"price": 7004, "isBuy": false, "qty": 28}, {"price": 7144, "isBuy": false, "qty": 28}], "bids": [{"price": 6902, "isBuy": true, "qty": 238}, {"price": 6902, "isBuy": true, "qty": 250}, {"price": 6902, "isBuy": true, "qty": 238}, {"price": 6902, "isBuy": true, "qty": 238}, {"price": 6902, "isBuy": true, "qty": 238}, {"price": 6902, "isBuy": true, "qty": 250}, {"price": 6695, "isBuy": true, "qty": 460}, {"price": 6662, "isBuy": true, "qty": 460}, {"price": 6629, "isBuy": true, "qty": 460}], "symbol": "ELUS", "venue": "RFBBEX", "ts": "2016-04-14T16:06:15.969430005Z"}, {"ok": true, "asks": [{"price": 6936, "isBuy": false, "qty": 28}, {"price": 6970, "isBuy": false, "qty": 28}, {"price": 7004, "isBuy": false, "qty": 28}, {"price": 7144, "isBuy": false, "qty": 28}], "bids": [{"price": 6902, "isBuy": true, "qty": 238}, {"price": 6902, "isBuy": true, "qty": 250}, {"price": 6902, "isBuy": true, "qty": 238}, {"price": 6902, "isBuy": true, "qty": 238}, {"price": 6902, "isBuy": true, "qty": 238}, {"price": 6902, "isBuy": true, "qty": 250}, {"price": 6695, "isBuy": true, "qty": 460}, {"price": 6662, "isBuy": true, "qty": 460}, {"price": 6629, "isBuy": true, "qty": 460}], "symbol": "ELUS", "venue": "RFBBEX", "ts": "2016-04-14T16:06:16.059389824Z"}, {"ok": true, "asks": [{"price": 6936, "isBuy": false, "qty": 28}, {"price": 6970, "isBuy": false, "qty": 28}, {"price": 7004, "isBuy": false, "qty": 28}, {"price": 7144, "isBuy": false, "qty": 28}], "bids": [{"price": 6902, "isBuy": true, "qty": 238}, {"price": 6902, "isBuy": true, "qty": 250}, {"price": 6902, "isBuy": true, "qty": 238}, {"price": 6902, "isBuy": true, "qty": 238}, {"price": 6902, "isBuy": true, "qty": 238}, {"price": 6902, "isBuy": true, "qty": 250}, {"price": 6695, "isBuy": true, "qty": 460}, {"price": 6662, "isBuy": true, "qty": 460}, {"price": 6629, "isBuy": true, "qty": 460}], "symbol": "ELUS", "venue": "RFBBEX", "ts": "2016-04-14T16:06:16.155830831Z"}, {"ok": true, "asks": [{"price": 6936, "isBuy": false, "qty": 28}, {"price": 6970, "isBuy": false, "qty": 28}, {"price": 7004, "isBuy": false, "qty": 28}, {"price": 7144, "isBuy": false, "qty": 28}], "bids": [{"price": 6902, "isBuy": true, "qty": 238}, {"price": 6902, "isBuy": true, "qty": 250}, {"price": 6902, "isBuy": true, "qty": 238}, {"price": 6902, "isBuy": true, "qty": 238}, {"price": 6902, "isBuy": true, "qty": 238}, {"price": 6902, "isBuy": true, "qty": 250}, {"price": 6695, "isBuy": true, "qty": 460}, {"price": 6662, "isBuy": true, "qty": 460}, {"price": 6629, "isBuy": true, "qty": 460}], "symbol": "ELUS", "venue": "RFBBEX", "ts": "2016-04-14T16:06:16.250909098Z"}, {"ok": true, "asks": [{"price": 7310, "isBuy": false, "qty": 19}, {"price": 7346, "isBuy": false, "qty": 19}, {"price": 7382, "isBuy": false, "qty": 19}], "bids": [{"price": 7238, "isBuy": true, "qty": 480}, {"price": 7202, "isBuy": true, "qty": 480}, {"price": 7166, "isBuy": true, "qty": 480}, {"price": 6902, "isBuy": true, "qty": 238}, {"price": 6902, "isBuy": true, "qty": 250}, {"price": 6902, "isBuy": true, "qty": 238}, {"price": 6902, "isBuy": true, "qty": 238}, {"price": 6902, "isBuy": true, "qty": 238}, {"price": 6902, "isBuy": true, "qty": 250}], "symbol": "ELUS", "venue": "RFBBEX", "ts": "2016-04-14T16:06:18.449494886Z"}, {"ok": true, "asks": [{"price": 7310, "isBuy": false, "qty": 19}, {"price": 7346, "isBuy": false, "qty": 19}, {"price": 7382, "isBuy": false, "qty": 19}, {"price": 7529, "isBuy": false, "qty": 19}], "bids": [{"price": 7238, "isBuy": true, "qty": 480}, {"price": 7202, "isBuy": true, "qty": 480}, {"price": 7202, "isBuy": true, "qty": 250}, {"price": 7166, "isBuy": true, "qty": 480}, {"price": 6902, "isBuy": true, "qty": 238}, {"price": 6902, "isBuy": true, "qty": 250}, {"price": 6902, "isBuy": true, "qty": 238}, {"price": 6902, "isBuy": true, "qty": 238}, {"price": 6902, "isBuy": true, "qty": 238}, {"price": 6902, "isBuy": true, "qty": 250}], "symbol": "ELUS", "venue": "RFBBEX", "ts": "2016-04-14T16:06:19.03525669Z"}, {"ok": true, "asks": [{"price": 7310, "isBuy": false, "qty": 19}, {"price": 7346, "isBuy": false, "qty": 19}, {"price": 7382, "isBuy": false, "qty": 19}, {"price": 7529, "isBuy": false, "qty": 19}], "bids": [{"price": 7238, "isBuy": true, "qty": 480}, {"price": 7202, "isBuy": true, "qty": 480}, {"price": 7202, "isBuy": true, "qty": 250}, {"price": 7166, "isBuy": true, "qty": 480}, {"price": 6902, "isBuy": true, "qty": 238}, {"price": 6902, "isBuy": true, "qty": 250}, {"price": 6902, "isBuy": true, "qty": 238}, {"price": 6902, "isBuy": true, "qty": 238}, {"price": 6902, "isBuy": true, "qty": 238}, {"price": 6902, "isBuy": true, "qty": 250}], "symbol": "ELUS", "venue": "RFBBEX", "ts": "2016-04-14T16:06:19.134981935Z"}, {"ok": true, "asks": [{"price": 7310, "isBuy": false, "qty": 19}, {"price": 7346, "isBuy": false, "qty": 19}, {"price": 7382, "isBuy": false, "qty": 19}, {"price": 7529, "isBuy": false, "qty": 19}], "bids": [{"price": 7238, "isBuy": true, "qty": 480}, {"price": 7202, "isBuy": true, "qty": 480}, {"price": 7202, "isBuy": true, "qty": 250}, {"price": 7166, "isBuy": true, "qty": 480}, {"price": 6902, "isBuy": true, "qty": 238}, {"price": 6902, "isBuy": true, "qty": 250}, {"price": 6902, "isBuy": true, "qty": 238}, {"price": 6902, "isBuy": true, "qty": 238}, {"price": 6902, "isBuy": true, "qty": 238}, {"price": 6902, "isBuy": true, "qty": 250}], "symbol": "ELUS", "venue": "RFBBEX", "ts": "2016-04-14T16:06:19.231022481Z"}, {"ok": true, "asks": [{"price": 7310, "isBuy": false, "qty": 19}, {"price": 7346, "isBuy": false, "qty": 19}, {"price": 7382, "isBuy": false, "qty": 19}, {"price": 7529, "isBuy": false, "qty": 19}], "bids": [{"price": 7238, "isBuy": true, "qty": 480}, {"price": 7202, "isBuy": true, "qty": 480}, {"price": 7202, "isBuy": true, "qty": 250}, {"price": 7166, "isBuy": true, "qty": 480}, {"price": 6902, "isBuy": true, "qty": 238}, {"price": 6902, "isBuy": true, "qty": 250}, {"price": 6902, "isBuy": true, "qty": 238}, {"price": 6902, "isBuy": true, "qty": 238}, {"price": 6902, "isBuy": true, "qty": 238}, {"price": 6902, "isBuy": true, "qty": 250}], "symbol": "ELUS", "venue": "RFBBEX", "ts": "2016-04-14T16:06:19.331417981Z"}, {"ok": true, "asks": [{"price": 7310, "isBuy": false, "qty": 19}, {"price": 7346, "isBuy": false, "qty": 19}, {"price": 7382, "isBuy": false, "qty": 19}, {"price": 7529, "isBuy": false, "qty": 19}], "bids": [{"price": 7238, "isBuy": true, "qty": 480}, {"price": 7202, "isBuy": true, "qty": 480}, {"price": 7202, "isBuy": true, "qty": 250}, {"price": 7166, "isBuy": true, "qty": 480}, {"price": 6902, "isBuy": true, "qty": 238}, {"price": 6902, "isBuy": true, "qty": 250}, {"price": 6902, "isBuy": true, "qty": 238}, {"price": 6902, "isBuy": true, "qty": 238}, {"price": 6902, "isBuy": true, "qty": 238}, {"price": 6902, "isBuy": true, "qty": 250}], "symbol": "ELUS", "venue": "RFBBEX", "ts": "2016-04-14T16:06:19.425818974Z"}, {"ok": true, "asks": [{"price": 7310, "isBuy": false, "qty": 19}, {"price": 7346, "isBuy": false, "qty": 19}, {"price": 7382, "isBuy": false, "qty": 19}, {"price": 7529, "isBuy": false, "qty": 19}], "bids": [{"price": 7238, "isBuy": true, "qty": 480}, {"price": 7202, "isBuy": true, "qty": 480}, {"price": 7202, "isBuy": true, "qty": 250}, {"price": 7166, "isBuy": true, "qty": 480}, {"price": 6902, "isBuy": true, "qty": 238}, {"price": 6902, "isBuy": true, "qty": 250}, {"price": 6902, "isBuy": true, "qty": 238}, {"price": 6902, "isBuy": true, "qty": 238}, {"price": 6902, "isBuy": true, "qty": 238}, {"price": 6902, "isBuy": true, "qty": 250}], "symbol": "ELUS", "venue": "RFBBEX", "ts": "2016-04-14T16:06:19.519751759Z"}, {"ok": true, "asks": [{"price": 7310, "isBuy": false, "qty": 19}, {"price": 7346, "isBuy": false, "qty": 19}, {"price": 7382, "isBuy": false, "qty": 19}, {"price": 7529, "isBuy": false, "qty": 19}], "bids": [{"price": 7238, "isBuy": true, "qty": 480}, {"price": 7202, "isBuy": true, "qty": 480}, {"price": 7202, "isBuy": true, "qty": 250}, {"price": 7166, "isBuy": true, "qty": 480}, {"price": 6902, "isBuy": true, "qty": 238}, {"price": 6902, "isBuy": true, "qty": 250}, {"price": 6902, "isBuy": true, "qty": 238}, {"price": 6902, "isBuy": true, "qty": 238}, {"price": 6902, "isBuy": true, "qty": 238}, {"price": 6902, "isBuy": true, "qty": 250}], "symbol": "ELUS", "venue": "RFBBEX", "ts": "2016-04-14T16:06:19.615809507Z"}, {"ok": true, "asks": [{"price": 7310, "isBuy": false, "qty": 19}, {"price": 7346, "isBuy": false, "qty": 19}, {"price": 7382, "isBuy": false, "qty": 19}, {"price": 7529, "isBuy": false, "qty": 19}], "bids": [{"price": 7238, "isBuy": true, "qty": 480}, {"price": 7202, "isBuy": true, "qty": 480}, {"price": 7202, "isBuy": true, "qty": 250}, {"price": 7166, "isBuy": true, "qty": 480}, {"price": 6902, "isBuy": true, "qty": 238}, {"price": 6902, "isBuy": true, "qty": 250}, {"price": 6902, "isBuy": true, "qty": 238}, {"price": 6902, "isBuy": true, "qty": 238}, {"price": 6902, "isBuy": true, "qty": 238}, {"price": 6902, "isBuy": true, "qty": 250}], "symbol": "ELUS", "venue": "RFBBEX", "ts": "2016-04-14T16:06:19.706328998Z"}, {"ok": true, "asks": [{"price": 7310, "isBuy": false, "qty": 19}, {"price": 7346, "isBuy": false, "qty": 19}, {"price": 7382, "isBuy": false, "qty": 19}, {"price": 7529, "isBuy": false, "qty": 19}], "bids": [{"price": 7238, "isBuy": true, "qty": 480}, {"price": 7202, "isBuy": true, "qty": 480}, {"price": 7202, "isBuy": true, "qty": 250}, {"price": 7166, "isBuy": true, "qty": 480}, {"price": 6902, "isBuy": true, "qty": 238}, {"price": 6902, "isBuy": true, "qty": 250}, {"price": 6902, "isBuy": true, "qty": 238}, {"price": 6902, "isBuy": true, "qty": 238}, {"price": 6902, "isBuy": true, "qty": 238}, {"price": 6902, "isBuy": true, "qty": 250}], "symbol": "ELUS", "venue": "RFBBEX", "ts": "2016-04-14T16:06:21.919633639Z"}, {"ok": true, "asks": [{"price": 7391, "isBuy": false, "qty": 32}, {"price": 7427, "isBuy": false, "qty": 32}, {"price": 7529, "isBuy": false, "qty": 19}, {"price": 7529, "isBuy": false, "qty": 19}], "bids": [{"price": 7202, "isBuy": true, "qty": 250}, {"price": 7202, "isBuy": true, "qty": 250}, {"price": 6902, "isBuy": true, "qty": 238}, {"price": 6902, "isBuy": true, "qty": 250}, {"price": 6902, "isBuy": true, "qty": 238}, {"price": 6902, "isBuy": true, "qty": 238}, {"price": 6902, "isBuy": true, "qty": 238}, {"price": 6902, "isBuy": true, "qty": 250}], "symbol": "ELUS", "venue": "RFBBEX", "ts": "2016-04-14T16:06:22.550679674Z"}, {"ok": true, "asks": [{"price": 7391, "isBuy": false, "qty": 32}, {"price": 7427, "isBuy": false, "qty": 32}, {"price": 7529, "isBuy": false, "qty": 19}, {"price": 7529, "isBuy": false, "qty": 19}], "bids": [{"price": 7202, "isBuy": true, "qty": 250}, {"price": 7202, "isBuy": true, "qty": 250}, {"price": 6902, "isBuy": true, "qty": 238}, {"price": 6902, "isBuy": true, "qty": 250}, {"price": 6902, "isBuy": true, "qty": 238}, {"price": 6902, "isBuy": true, "qty": 238}, {"price": 6902, "isBuy": true, "qty": 238}, {"price": 6902, "isBuy": true, "qty": 250}], "symbol": "ELUS", "venue": "RFBBEX", "ts": "2016-04-14T16:06:22.654968002Z"}, {"ok": true, "asks": [{"price": 7391, "isBuy": false, "qty": 32}, {"price": 7427, "isBuy": false, "qty": 32}, {"price": 7529, "isBuy": false, "qty": 19}, {"price": 7529, "isBuy": false, "qty": 19}], "bids": [{"price": 7202, "isBuy": true, "qty": 250}, {"price": 7202, "isBuy": true, "qty": 250}, {"price": 6902, "isBuy": true, "qty": 238}, {"price": 6902, "isBuy": true, "qty": 250}, {"price": 6902, "isBuy": true, "qty": 238}, {"price": 6902, "isBuy": true, "qty": 238}, {"price": 6902, "isBuy": true, "qty": 238}, {"price": 6902, "isBuy": true, "qty": 250}], "symbol": "ELUS", "venue": "RFBBEX", "ts": "2016-04-14T16:06:22.7608371Z"}, {"ok": true, "asks": [{"price": 7391, "isBuy": false, "qty": 32}, {"price": 7427, "isBuy": false, "qty": 32}, {"price": 7529, "isBuy": false, "qty": 19}, {"price": 7529, "isBuy": false, "qty": 19}], "bids": [{"price": 7202, "isBuy": true, "qty": 250}, {"price": 7202, "isBuy": true, "qty": 250}, {"price": 6902, "isBuy": true, "qty": 238}, {"price": 6902, "isBuy": true, "qty": 250}, {"price": 6902, "isBuy": true, "qty": 238}, {"price": 6902, "isBuy": true, "qty": 238}, {"price": 6902, "isBuy": true, "qty": 238}, {"price": 6902, "isBuy": true, "qty": 250}], "symbol": "ELUS", "venue": "RFBBEX", "ts": "2016-04-14T16:06:22.858201465Z"}, {"ok": true, "asks": [{"price": 7391, "isBuy": false, "qty": 32}, {"price": 7427, "isBuy": false, "qty": 32}, {"price": 7529, "isBuy": false, "qty": 19}, {"price": 7529, "isBuy": false, "qty": 19}], "bids": [{"price": 7202, "isBuy": true, "qty": 250}, {"price": 7202, "isBuy": true, "qty": 250}, {"price": 6902, "isBuy": true, "qty": 238}, {"price": 6902, "isBuy": true, "qty": 250}, {"price": 6902, "isBuy": true, "qty": 238}, {"price": 6902, "isBuy": true, "qty": 238}, {"price": 6902, "isBuy": true, "qty": 238}, {"price": 6902, "isBuy": true, "qty": 250}], "symbol": "ELUS", "venue": "RFBBEX", "ts": "2016-04-14T16:06:23.6667125Z"}, {"ok": true, "asks": [{"price": 7391, "isBuy": false, "qty": 32}, {"price": 7427, "isBuy": false, "qty": 32}, {"price": 7529, "isBuy": false, "qty": 19}, {"price": 7529, "isBuy": false, "qty": 19}], "bids": [{"price": 7202, "isBuy": true, "qty": 250}, {"price": 7202, "isBuy": true, "qty": 250}, {"price": 6902, "isBuy": true, "qty": 238}, {"price": 6902, "isBuy": true, "qty": 250}, {"price": 6902, "isBuy": true, "qty": 238}, {"price": 6902, "isBuy": true, "qty": 238}, {"price": 6902, "isBuy": true, "qty": 238}, {"price": 6902, "isBuy": true, "qty": 250}], "symbol": "ELUS", "venue": "RFBBEX", "ts": "2016-04-14T16:06:23.758020935Z"}, {"ok": true, "asks": [{"price": 7391, "isBuy": false, "qty": 32}, {"price": 7427, "isBuy": false, "qty": 32}, {"price": 7529, "isBuy": false, "qty": 19}, {"price": 7529, "isBuy": false, "qty": 19}], "bids": [{"price": 7202, "isBuy": true, "qty": 250}, {"price": 7202, "isBuy": true, "qty": 250}, {"price": 6902, "isBuy": true, "qty": 238}, {"price": 6902, "isBuy": true, "qty": 250}, {"price": 6902, "isBuy": true, "qty": 238}, {"price": 6902, "isBuy": true, "qty": 238}, {"price": 6902, "isBuy": true, "qty": 238}, {"price": 6902, "isBuy": true, "qty": 250}], "symbol": "ELUS", "venue": "RFBBEX", "ts": "2016-04-14T16:06:23.856062111Z"}, {"ok": true, "asks": [{"price": 7391, "isBuy": false, "qty": 32}, {"price": 7427, "isBuy": false, "qty": 32}, {"price": 7529, "isBuy": false, "qty": 19}, {"price": 7529, "isBuy": false, "qty": 19}], "bids": [{"price": 7202, "isBuy": true, "qty": 250}, {"price": 7202, "isBuy": true, "qty": 250}, {"price": 6902, "isBuy": true, "qty": 238}, {"price": 6902, "isBuy": true, "qty": 250}, {"price": 6902, "isBuy": true, "qty": 238}, {"price": 6902, "isBuy": true, "qty": 238}, {"price": 6902, "isBuy": true, "qty": 238}, {"price": 6902, "isBuy": true, "qty": 250}], "symbol": "ELUS", "venue": "RFBBEX", "ts": "2016-04-14T16:06:23.949177981Z"}, {"ok": true, "asks": [{"price": 7391, "isBuy": false, "qty": 32}, {"price": 7427, "isBuy": false, "qty": 32}, {"price": 7529, "isBuy": false, "qty": 19}, {"price": 7529, "isBuy": false, "qty": 19}], "bids": [{"price": 7202, "isBuy": true, "qty": 250}, {"price": 7202, "isBuy": true, "qty": 250}, {"price": 6902, "isBuy": true, "qty": 238}, {"price": 6902, "isBuy": true, "qty": 250}, {"price": 6902, "isBuy": true, "qty": 238}, {"price": 6902, "isBuy": true, "qty": 238}, {"price": 6902, "isBuy": true, "qty": 238}, {"price": 6902, "isBuy": true, "qty": 250}], "symbol": "ELUS", "venue": "RFBBEX", "ts": "2016-04-14T16:06:24.042921655Z"}, {"ok": true, "asks": [{"price": 7391, "isBuy": false, "qty": 32}, {"price": 7427, "isBuy": false, "qty": 32}, {"price": 7529, "isBuy": false, "qty": 19}, {"price": 7529, "isBuy": false, "qty": 19}], "bids": [{"price": 7202, "isBuy": true, "qty": 250}, {"price": 7202, "isBuy": true, "qty": 250}, {"price": 6902, "isBuy": true, "qty": 238}, {"price": 6902, "isBuy": true, "qty": 250}, {"price": 6902, "isBuy": true, "qty": 238}, {"price": 6902, "isBuy": true, "qty": 238}, {"price": 6902, "isBuy": true, "qty": 238}, {"price": 6902, "isBuy": true, "qty": 250}], "symbol": "ELUS", "venue": "RFBBEX", "ts": "2016-04-14T16:06:24.136935463Z"}, {"ok": true, "asks": [{"price": 7391, "isBuy": false, "qty": 32}, {"price": 7427, "isBuy": false, "qty": 32}, {"price": 7529, "isBuy": false, "qty": 19}, {"price": 7529, "isBuy": false, "qty": 19}], "bids": [{"price": 7202, "isBuy": true, "qty": 250}, {"price": 7202, "isBuy": true, "qty": 250}, {"price": 6902, "isBuy": true, "qty": 238}, {"price": 6902, "isBuy": true, "qty": 250}, {"price": 6902, "isBuy": true, "qty": 238}, {"price": 6902, "isBuy": true, "qty": 238}, {"price": 6902, "isBuy": true, "qty": 238}, {"price": 6902, "isBuy": true, "qty": 250}], "symbol": "ELUS", "venue": "RFBBEX", "ts": "2016-04-14T16:06:26.334577141Z"}, {"ok": true, "asks": [{"price": 7238, "isBuy": false, "qty": 35}, {"price": 7274, "isBuy": false, "qty": 35}, {"price": 7310, "isBuy": false, "qty": 35}, {"price": 7529, "isBuy": false, "qty": 19}, {"price": 7529, "isBuy": false, "qty": 19}, {"price": 7612, "isBuy": false, "qty": 32}], "bids": [{"price": 7202, "isBuy": true, "qty": 45}, {"price": 7202, "isBuy": true, "qty": 250}, {"price": 6908, "isBuy": true, "qty": 464}, {"price": 6902, "isBuy": true, "qty": 238}, {"price": 6902, "isBuy": true, "qty": 250}, {"price": 6902, "isBuy": true, "qty": 238}, {"price": 6902, "isBuy": true, "qty": 238}, {"price": 6902, "isBuy": true, "qty": 238}, {"price": 6902, "isBuy": true, "qty": 250}, {"price": 6874, "isBuy": true, "qty": 464}, {"price": 6840, "isBuy": true, "qty": 464}], "symbol": "ELUS", "venue": "RFBBEX", "ts": "2016-04-14T16:06:27.364299751Z"}, {"ok": true, "asks": [{"price": 7238, "isBuy": false, "qty": 35}, {"price": 7274, "isBuy": false, "qty": 35}, {"price": 7310, "isBuy": false, "qty": 35}, {"price": 7529, "isBuy": false, "qty": 19}, {"price": 7529, "isBuy": false, "qty": 19}, {"price": 7612, "isBuy": false, "qty": 32}], "bids": [{"price": 7202, "isBuy": true, "qty": 45}, {"price": 7202, "isBuy": true, "qty": 250}, {"price": 6908, "isBuy": true, "qty": 464}, {"price": 6902, "isBuy": true, "qty": 238}, {"price": 6902, "isBuy": true, "qty": 250}, {"price": 6902, "isBuy": true, "qty": 238}, {"price": 6902, "isBuy": true, "qty": 238}, {"price": 6902, "isBuy": true, "qty": 238}, {"price": 6902, "isBuy": true, "qty": 250}, {"price": 6874, "isBuy": true, "qty": 464}, {"price": 6840, "isBuy": true, "qty": 464}], "symbol": "ELUS", "venue": "RFBBEX", "ts": "2016-04-14T16:06:27.464856937Z"}, {"ok": true, "asks": [{"price": 7238, "isBuy": false, "qty": 35}, {"price": 7274, "isBuy": false, "qty": 35}, {"price": 7310, "isBuy": false, "qty": 35}, {"price": 7529, "isBuy": false, "qty": 19}, {"price": 7529, "isBuy": false, "qty": 19}, {"price": 7612, "isBuy": false, "qty": 32}], "bids": [{"price": 7202, "isBuy": true, "qty": 45}, {"price": 7202, "isBuy": true, "qty": 250}, {"price": 6908, "isBuy": true, "qty": 464}, {"price": 6902, "isBuy": true, "qty": 238}, {"price": 6902, "isBuy": true, "qty": 250}, {"price": 6902, "isBuy": true, "qty": 238}, {"price": 6902, "isBuy": true, "qty": 238}, {"price": 6902, "isBuy": true, "qty": 238}, {"price": 6902, "isBuy": true, "qty": 250}, {"price": 6874, "isBuy": true, "qty": 464}, {"price": 6840, "isBuy": true, "qty": 464}], "symbol": "ELUS", "venue": "RFBBEX", "ts": "2016-04-14T16:06:27.564008879Z"}, {"ok": true, "asks": [{"price": 7238, "isBuy": false, "qty": 35}, {"price": 7274, "isBuy": false, "qty": 35}, {"price": 7310, "isBuy": false, "qty": 35}, {"price": 7529, "isBuy": false, "qty": 19}, {"price": 7529, "isBuy": false, "qty": 19}, {"price": 7612, "isBuy": false, "qty": 32}], "bids": [{"price": 7202, "isBuy": true, "qty": 45}, {"price": 7202, "isBuy": true, "qty": 250}, {"price": 6908, "isBuy": true, "qty": 464}, {"price": 6902, "isBuy": true, "qty": 238}, {"price": 6902, "isBuy": true, "qty": 250}, {"price": 6902, "isBuy": true, "qty": 238}, {"price": 6902, "isBuy": true, "qty": 238}, {"price": 6902, "isBuy": true, "qty": 238}, {"price": 6902, "isBuy": true, "qty": 250}, {"price": 6874, "isBuy": true, "qty": 464}, {"price": 6840, "isBuy": true, "qty": 464}], "symbol": "ELUS", "venue": "RFBBEX", "ts": "2016-04-14T16:06:27.663380499Z"}, {"ok": true, "asks": [{"price": 7238, "isBuy": false, "qty": 35}, {"price": 7274, "isBuy": false, "qty": 35}, {"price": 7310, "isBuy": false, "qty": 35}, {"price": 7529, "isBuy": false, "qty": 19}, {"price": 7529, "isBuy": false, "qty": 19}, {"price": 7612, "isBuy": false, "qty": 32}], "bids": [{"price": 7202, "isBuy": true, "qty": 45}, {"price": 7202, "isBuy": true, "qty": 250}, {"price": 6908, "isBuy": true, "qty": 464}, {"price": 6902, "isBuy": true, "qty": 238}, {"price": 6902, "isBuy": true, "qty": 250}, {"price": 6902, "isBuy": true, "qty": 238}, {"price": 6902, "isBuy": true, "qty": 238}, {"price": 6902, "isBuy": true, "qty": 238}, {"price": 6902, "isBuy": true, "qty": 250}, {"price": 6874, "isBuy": true, "qty": 464}, {"price": 6840, "isBuy": true, "qty": 464}], "symbol": "ELUS", "venue": "RFBBEX", "ts": "2016-04-14T16:06:27.769591893Z"}, {"ok": true, "asks": [{"price": 7238, "isBuy": false, "qty": 35}, {"price": 7274, "isBuy": false, "qty": 35}, {"price": 7310, "isBuy": false, "qty": 35}, {"price": 7529, "isBuy": false, "qty": 19}, {"price": 7529, "isBuy": false, "qty": 19}, {"price": 7612, "isBuy": false, "qty": 32}], "bids": [{"price": 7202, "isBuy": true, "qty": 45}, {"price": 7202, "isBuy": true, "qty": 250}, {"price": 6908, "isBuy": true, "qty": 464}, {"price": 6902, "isBuy": true, "qty": 238}, {"price": 6902, "isBuy": true, "qty": 250}, {"price": 6902, "isBuy": true, "qty": 238}, {"price": 6902, "isBuy": true, "qty": 238}, {"price": 6902, "isBuy": true, "qty": 238}, {"price": 6902, "isBuy": true, "qty": 250}, {"price": 6874, "isBuy": true, "qty": 464}, {"price": 6840, "isBuy": true, "qty": 464}], "symbol": "ELUS", "venue": "RFBBEX", "ts": "2016-04-14T16:06:27.864750353Z"}, {"ok": true, "asks": [{"price": 7238, "isBuy": false, "qty": 35}, {"price": 7274, "isBuy": false, "qty": 35}, {"price": 7310, "isBuy": false, "qty": 35}, {"price": 7529, "isBuy": false, "qty": 19}, {"price": 7529, "isBuy": false, "qty": 19}, {"price": 7612, "isBuy": false, "qty": 32}], "bids": [{"price": 7202, "isBuy": true, "qty": 45}, {"price": 7202, "isBuy": true, "qty": 250}, {"price": 6908, "isBuy": true, "qty": 464}, {"price": 6902, "isBuy": true, "qty": 238}, {"price": 6902, "isBuy": true, "qty": 250}, {"price": 6902, "isBuy": true, "qty": 238}, {"price": 6902, "isBuy": true, "qty": 238}, {"price": 6902, "isBuy": true, "qty": 238}, {"price": 6902, "isBuy": true, "qty": 250}, {"price": 6874, "isBuy": true, "qty": 464}, {"price": 6840, "isBuy": true, "qty": 464}], "symbol": "ELUS", "venue": "RFBBEX", "ts": "2016-04-14T16:06:27.960452801Z"}, {"ok": true, "asks": [{"price": 7238, "isBuy": false, "qty": 35}, {"price": 7274, "isBuy": false, "qty": 35}, {"price": 7310, "isBuy": false, "qty": 35}, {"price": 7529, "isBuy": false, "qty": 19}, {"price": 7529, "isBuy": false, "qty": 19}, {"price": 7612, "isBuy": false, "qty": 32}], "bids": [{"price": 7202, "isBuy": true, "qty": 45}, {"price": 7202, "isBuy": true, "qty": 250}, {"price": 6908, "isBuy": true, "qty": 464}, {"price": 6902, "isBuy": true, "qty": 238}, {"price": 6902, "isBuy": true, "qty": 250}, {"price": 6902, "isBuy": true, "qty": 238}, {"price": 6902, "isBuy": true, "qty": 238}, {"price": 6902, "isBuy": true, "qty": 238}, {"price": 6902, "isBuy": true, "qty": 250}, {"price": 6874, "isBuy": true, "qty": 464}, {"price": 6840, "isBuy": true, "qty": 464}], "symbol": "ELUS", "venue": "RFBBEX", "ts": "2016-04-14T16:06:28.067376452Z"}, {"ok": true, "asks": [{"price": 7238, "isBuy": false, "qty": 35}, {"price": 7274, "isBuy": false, "qty": 35}, {"price": 7310, "isBuy": false, "qty": 35}, {"price": 7529, "isBuy": false, "qty": 19}, {"price": 7529, "isBuy": false, "qty": 19}, {"price": 7612, "isBuy": false, "qty": 32}], "bids": [{"price": 7202, "isBuy": true, "qty": 45}, {"price": 7202, "isBuy": true, "qty": 250}, {"price": 6908, "isBuy": true, "qty": 464}, {"price": 6902, "isBuy": true, "qty": 238}, {"price": 6902, "isBuy": true, "qty": 250}, {"price": 6902, "isBuy": true, "qty": 238}, {"price": 6902, "isBuy": true, "qty": 238}, {"price": 6902, "isBuy": true, "qty": 238}, {"price": 6902, "isBuy": true, "qty": 250}, {"price": 6874, "isBuy": true, "qty": 464}, {"price": 6840, "isBuy": true, "qty": 464}], "symbol": "ELUS", "venue": "RFBBEX", "ts": "2016-04-14T16:06:28.173361146Z"}, {"ok": true, "asks": [{"price": 7238, "isBuy": false, "qty": 35}, {"price": 7274, "isBuy": false, "qty": 35}, {"price": 7310, "isBuy": false, "qty": 35}, {"price": 7529, "isBuy": false, "qty": 19}, {"price": 7529, "isBuy": false, "qty": 19}, {"price": 7612, "isBuy": false, "qty": 32}], "bids": [{"price": 7202, "isBuy": true, "qty": 45}, {"price": 7202, "isBuy": true, "qty": 250}, {"price": 6908, "isBuy": true, "qty": 464}, {"price": 6902, "isBuy": true, "qty": 238}, {"price": 6902, "isBuy": true, "qty": 250}, {"price": 6902, "isBuy": true, "qty": 238}, {"price": 6902, "isBuy": true, "qty": 238}, {"price": 6902, "isBuy": true, "qty": 238}, {"price": 6902, "isBuy": true, "qty": 250}, {"price": 6874, "isBuy": true, "qty": 464}, {"price": 6840, "isBuy": true, "qty": 464}], "symbol": "ELUS", "venue": "RFBBEX", "ts": "2016-04-14T16:06:28.295789911Z"}, {"ok": true, "asks": [{"price": 7238, "isBuy": false, "qty": 35}, {"price": 7274, "isBuy": false, "qty": 35}, {"price": 7310, "isBuy": false, "qty": 35}, {"price": 7529, "isBuy": false, "qty": 19}, {"price": 7529, "isBuy": false, "qty": 19}, {"price": 7612, "isBuy": false, "qty": 32}], "bids": [{"price": 7202, "isBuy": true, "qty": 45}, {"price": 7202, "isBuy": true, "qty": 250}, {"price": 6908, "isBuy": true, "qty": 464}, {"price": 6902, "isBuy": true, "qty": 238}, {"price": 6902, "isBuy": true, "qty": 250}, {"price": 6902, "isBuy": true, "qty": 238}, {"price": 6902, "isBuy": true, "qty": 238}, {"price": 6902, "isBuy": true, "qty": 238}, {"price": 6902, "isBuy": true, "qty": 250}, {"price": 6874, "isBuy": true, "qty": 464}, {"price": 6840, "isBuy": true, "qty": 464}], "symbol": "ELUS", "venue": "RFBBEX", "ts": "2016-04-14T16:06:28.390946822Z"}, {"ok": true, "asks": [{"price": 7238, "isBuy": false, "qty": 35}, {"price": 7274, "isBuy": false, "qty": 35}, {"price": 7310, "isBuy": false, "qty": 35}, {"price": 7529, "isBuy": false, "qty": 19}, {"price": 7529, "isBuy": false, "qty": 19}, {"price": 7612, "isBuy": false, "qty": 32}], "bids": [{"price": 7202, "isBuy": true, "qty": 45}, {"price": 7202, "isBuy": true, "qty": 250}, {"price": 6908, "isBuy": true, "qty": 464}, {"price": 6902, "isBuy": true, "qty": 238}, {"price": 6902, "isBuy": true, "qty": 250}, {"price": 6902, "isBuy": true, "qty": 238}, {"price": 6902, "isBuy": true, "qty": 238}, {"price": 6902, "isBuy": true, "qty": 238}, {"price": 6902, "isBuy": true, "qty": 250}, {"price": 6874, "isBuy": true, "qty": 464}, {"price": 6840, "isBuy": true, "qty": 464}], "symbol": "ELUS", "venue": "RFBBEX", "ts": "2016-04-14T16:06:28.484752177Z"}, {"ok": true, "asks": [{"price": 7238, "isBuy": false, "qty": 35}, {"price": 7274, "isBuy": false, "qty": 35}, {"price": 7310, "isBuy": false, "qty": 35}, {"price": 7529, "isBuy": false, "qty": 19}, {"price": 7529, "isBuy": false, "qty": 19}, {"price": 7612, "isBuy": false, "qty": 32}], "bids": [{"price": 7202, "isBuy": true, "qty": 45}, {"price": 7202, "isBuy": true, "qty": 250}, {"price": 6908, "isBuy": true, "qty": 464}, {"price": 6902, "isBuy": true, "qty": 238}, {"price": 6902, "isBuy": true, "qty": 250}, {"price": 6902, "isBuy": true, "qty": 238}, {"price": 6902, "isBuy": true, "qty": 238}, {"price": 6902, "isBuy": true, "qty": 238}, {"price": 6902, "isBuy": true, "qty": 250}, {"price": 6874, "isBuy": true, "qty": 464}, {"price": 6840, "isBuy": true, "qty": 464}], "symbol": "ELUS", "venue": "RFBBEX", "ts": "2016-04-14T16:06:30.67447118Z"}, {"ok": true, "asks": [{"price": 7238, "isBuy": false, "qty": 35}, {"price": 7274, "isBuy": false, "qty": 35}, {"price": 7310, "isBuy": false, "qty": 35}, {"price": 7455, "isBuy": false, "qty": 35}, {"price": 7529, "isBuy": false, "qty": 19}, {"price": 7529, "isBuy": false, "qty": 19}, {"price": 7612, "isBuy": false, "qty": 32}], "bids": [{"price": 7202, "isBuy": true, "qty": 45}, {"price": 7202, "isBuy": true, "qty": 250}, {"price": 7202, "isBuy": true, "qty": 250}, {"price": 6908, "isBuy": true, "qty": 464}, {"price": 6902, "isBuy": true, "qty": 238}, {"price": 6902, "isBuy": true, "qty": 250}, {"price": 6902, "isBuy": true, "qty": 238}, {"price": 6902, "isBuy": true, "qty": 238}, {"price": 6902, "isBuy": true, "qty": 238}, {"price": 6902, "isBuy": true, "qty": 250}, {"price": 6874, "isBuy": true, "qty": 464}, {"price": 6840, "isBuy": true, "qty": 464}], "symbol": "ELUS", "venue": "RFBBEX", "ts": "2016-04-14T16:06:31.271772338Z"}, {"ok": true, "asks": [{"price": 7238, "isBuy": false, "qty": 35}, {"price": 7274, "isBuy": false, "qty": 35}, {"price": 7310, "isBuy": false, "qty": 35}, {"price": 7455, "isBuy": false, "qty": 35}, {"price": 7529, "isBuy": false, "qty": 19}, {"price": 7529, "isBuy": false, "qty": 19}, {"price": 7612, "isBuy": false, "qty": 32}], "bids": [{"price": 7202, "isBuy": true, "qty": 45}, {"price": 7202, "isBuy": true, "qty": 250}, {"price": 7202, "isBuy": true, "qty": 250}, {"price": 6908, "isBuy": true, "qty": 464}, {"price": 6902, "isBuy": true, "qty": 238}, {"price": 6902, "isBuy": true, "qty": 250}, {"price": 6902, "isBuy": true, "qty": 238}, {"price": 6902, "isBuy": true, "qty": 238}, {"price": 6902, "isBuy": true, "qty": 238}, {"price": 6902, "isBuy": true, "qty": 250}, {"price": 6874, "isBuy": true, "qty": 464}, {"price": 6840, "isBuy": true, "qty": 464}], "symbol": "ELUS", "venue": "RFBBEX", "ts": "2016-04-14T16:06:31.364290244Z"}, {"ok": true, "asks": [{"price": 7238, "isBuy": false, "qty": 35}, {"price": 7274, "isBuy": false, "qty": 35}, {"price": 7310, "isBuy": false, "qty": 35}, {"price": 7455, "isBuy": false, "qty": 35}, {"price": 7529, "isBuy": false, "qty": 19}, {"price": 7529, "isBuy": false, "qty": 19}, {"price": 7612, "isBuy": false, "qty": 32}], "bids": [{"price": 7202, "isBuy": true, "qty": 45}, {"price": 7202, "isBuy": true, "qty": 250}, {"price": 7202, "isBuy": true, "qty": 250}, {"price": 6908, "isBuy": true, "qty": 464}, {"price": 6902, "isBuy": true, "qty": 238}, {"price": 6902, "isBuy": true, "qty": 250}, {"price": 6902, "isBuy": true, "qty": 238}, {"price": 6902, "isBuy": true, "qty": 238}, {"price": 6902, "isBuy": true, "qty": 238}, {"price": 6902, "isBuy": true, "qty": 250}, {"price": 6874, "isBuy": true, "qty": 464}, {"price": 6840, "isBuy": true, "qty": 464}], "symbol": "ELUS", "venue": "RFBBEX", "ts": "2016-04-14T16:06:36.756893902Z"}, {"ok": true, "asks": [{"price": 7238, "isBuy": false, "qty": 24}, {"price": 7274, "isBuy": false, "qty": 24}, {"price": 7310, "isBuy": false, "qty": 24}, {"price": 7455, "isBuy": false, "qty": 35}, {"price": 7529, "isBuy": false, "qty": 19}, {"price": 7529, "isBuy": false, "qty": 19}, {"price": 7612, "isBuy": false, "qty": 32}], "bids": [{"price": 7202, "isBuy": true, "qty": 151}, {"price": 7202, "isBuy": true, "qty": 250}, {"price": 6950, "isBuy": true, "qty": 475}, {"price": 6916, "isBuy": true, "qty": 475}, {"price": 6902, "isBuy": true, "qty": 238}, {"price": 6902, "isBuy": true, "qty": 250}, {"price": 6902, "isBuy": true, "qty": 238}, {"price": 6902, "isBuy": true, "qty": 238}, {"price": 6902, "isBuy": true, "qty": 238}, {"price": 6902, "isBuy": true, "qty": 250}, {"price": 6882, "isBuy": true, "qty": 475}], "symbol": "ELUS", "venue": "RFBBEX", "ts": "2016-04-14T16:06:36.858538233Z"}, {"ok": true, "asks": [{"price": 7238, "isBuy": false, "qty": 24}, {"price": 7274, "isBuy": false, "qty": 24}, {"price": 7310, "isBuy": false, "qty": 24}, {"price": 7455, "isBuy": false, "qty": 35}, {"price": 7529, "isBuy": false, "qty": 19}, {"price": 7529, "isBuy": false, "qty": 19}, {"price": 7612, "isBuy": false, "qty": 32}], "bids": [{"price": 7202, "isBuy": true, "qty": 43}, {"price": 7202, "isBuy": true, "qty": 250}, {"price": 6950, "isBuy": true, "qty": 475}, {"price": 6916, "isBuy": true, "qty": 475}, {"price": 6902, "isBuy": true, "qty": 238}, {"price": 6902, "isBuy": true, "qty": 250}, {"price": 6902, "isBuy": true, "qty": 238}, {"price": 6902, "isBuy": true, "qty": 238}, {"price": 6902, "isBuy": true, "qty": 238}, {"price": 6902, "isBuy": true, "qty": 250}, {"price": 6882, "isBuy": true, "qty": 475}], "symbol": "ELUS", "venue": "RFBBEX", "ts": "2016-04-14T16:06:36.982108317Z"}, {"ok": true, "asks": [{"price": 7274, "isBuy": false, "qty": 24}, {"price": 7310, "isBuy": false, "qty": 24}, {"price": 7455, "isBuy": false, "qty": 35}, {"price": 7529, "isBuy": false, "qty": 19}, {"price": 7529, "isBuy": false, "qty": 19}, {"price": 7612, "isBuy": false, "qty": 32}], "bids": [{"price": 7202, "isBuy": true, "qty": 23}, {"price": 7202, "isBuy": true, "qty": 250}, {"price": 6950, "isBuy": true, "qty": 475}, {"price": 6916, "isBuy": true, "qty": 475}, {"price": 6902, "isBuy": true, "qty": 238}, {"price": 6902, "isBuy": true, "qty": 250}, {"price": 6902, "isBuy": true, "qty": 238}, {"price": 6902, "isBuy": true, "qty": 238}, {"price": 6902, "isBuy": true, "qty": 238}, {"price": 6902, "isBuy": true, "qty": 250}, {"price": 6882, "isBuy": true, "qty": 475}], "symbol": "ELUS", "venue": "RFBBEX", "ts": "2016-04-14T16:06:37.080227228Z"}, {"ok": true, "asks": [{"price": 7403, "isBuy": false, "qty": 20}, {"price": 7455, "isBuy": false, "qty": 35}, {"price": 7529, "isBuy": false, "qty": 19}, {"price": 7529, "isBuy": false, "qty": 19}, {"price": 7612, "isBuy": false, "qty": 32}], "bids": [{"price": 7202, "isBuy": true, "qty": 205}, {"price": 6902, "isBuy": true, "qty": 238}, {"price": 6902, "isBuy": true, "qty": 250}, {"price": 6902, "isBuy": true, "qty": 238}, {"price": 6902, "isBuy": true, "qty": 238}, {"price": 6902, "isBuy": true, "qty": 238}, {"price": 6902, "isBuy": true, "qty": 250}], "symbol": "ELUS", "venue": "RFBBEX", "ts": "2016-04-14T16:06:37.234051703Z"}, {"ok": true, "asks": [{"price": 7403, "isBuy": false, "qty": 20}, {"price": 7455, "isBuy": false, "qty": 35}, {"price": 7529, "isBuy": false, "qty": 19}, {"price": 7529, "isBuy": false, "qty": 19}, {"price": 7612, "isBuy": false, "qty": 32}], "bids": [{"price": 7202, "isBuy": true, "qty": 205}, {"price": 6902, "isBuy": true, "qty": 238}, {"price": 6902, "isBuy": true, "qty": 250}, {"price": 6902, "isBuy": true, "qty": 238}, {"price": 6902, "isBuy": true, "qty": 238}, {"price": 6902, "isBuy": true, "qty": 238}, {"price": 6902, "isBuy": true, "qty": 250}], "symbol": "ELUS", "venue": "RFBBEX", "ts": "2016-04-14T16:06:37.825811647Z"}, {"ok": true, "asks": [{"price": 7403, "isBuy": false, "qty": 20}, {"price": 7455, "isBuy": false, "qty": 35}, {"price": 7529, "isBuy": false, "qty": 19}, {"price": 7529, "isBuy": false, "qty": 19}, {"price": 7612, "isBuy": false, "qty": 32}], "bids": [{"price": 7202, "isBuy": true, "qty": 205}, {"price": 6902, "isBuy": true, "qty": 238}, {"price": 6902, "isBuy": true, "qty": 250}, {"price": 6902, "isBuy": true, "qty": 238}, {"price": 6902, "isBuy": true, "qty": 238}, {"price": 6902, "isBuy": true, "qty": 238}, {"price": 6902, "isBuy": true, "qty": 250}], "symbol": "ELUS", "venue": "RFBBEX", "ts": "2016-04-14T16:06:37.982485004Z"}, {"ok": true, "asks": [{"price": 7403, "isBuy": false, "qty": 20}, {"price": 7455, "isBuy": false, "qty": 35}, {"price": 7529, "isBuy": false, "qty": 19}, {"price": 7529, "isBuy": false, "qty": 19}, {"price": 7612, "isBuy": false, "qty": 32}], "bids": [{"price": 7202, "isBuy": true, "qty": 205}, {"price": 6902, "isBuy": true, "qty": 238}, {"price": 6902, "isBuy": true, "qty": 250}, {"price": 6902, "isBuy": true, "qty": 238}, {"price": 6902, "isBuy": true, "qty": 238}, {"price": 6902, "isBuy": true, "qty": 238}, {"price": 6902, "isBuy": true, "qty": 250}], "symbol": "ELUS", "venue": "RFBBEX", "ts": "2016-04-14T16:06:38.111350319Z"}, {"ok": true, "asks": [{"price": 7403, "isBuy": false, "qty": 20}, {"price": 7455, "isBuy": false, "qty": 35}, {"price": 7529, "isBuy": false, "qty": 19}, {"price": 7529, "isBuy": false, "qty": 19}, {"price": 7612, "isBuy": false, "qty": 32}], "bids": [{"price": 6902, "isBuy": true, "qty": 238}, {"price": 6902, "isBuy": true, "qty": 250}, {"price": 6902, "isBuy": true, "qty": 238}, {"price": 6902, "isBuy": true, "qty": 238}, {"price": 6902, "isBuy": true, "qty": 238}, {"price": 6902, "isBuy": true, "qty": 250}], "symbol": "ELUS", "venue": "RFBBEX", "ts": "2016-04-14T16:06:38.30337991Z"}, {"ok": true, "asks": [{"price": 7403, "isBuy": false, "qty": 20}, {"price": 7455, "isBuy": false, "qty": 35}, {"price": 7529, "isBuy": false, "qty": 19}, {"price": 7529, "isBuy": false, "qty": 19}, {"price": 7612, "isBuy": false, "qty": 32}], "bids": [{"price": 6902, "isBuy": true, "qty": 238}, {"price": 6902, "isBuy": true, "qty": 250}, {"price": 6902, "isBuy": true, "qty": 238}, {"price": 6902, "isBuy": true, "qty": 238}, {"price": 6902, "isBuy": true, "qty": 238}, {"price": 6902, "isBuy": true, "qty": 250}], "symbol": "ELUS", "venue": "RFBBEX", "ts": "2016-04-14T16:06:38.494830505Z"}, {"ok": true, "asks": [{"price": 7403, "isBuy": false, "qty": 20}, {"price": 7455, "isBuy": false, "qty": 35}, {"price": 7529, "isBuy": false, "qty": 19}, {"price": 7529, "isBuy": false, "qty": 19}, {"price": 7612, "isBuy": false, "qty": 32}], "bids": [{"price": 6902, "isBuy": true, "qty": 238}, {"price": 6902, "isBuy": true, "qty": 250}, {"price": 6902, "isBuy": true, "qty": 238}, {"price": 6902, "isBuy": true, "qty": 238}, {"price": 6902, "isBuy": true, "qty": 238}, {"price": 6902, "isBuy": true, "qty": 250}], "symbol": "ELUS", "venue": "RFBBEX", "ts": "2016-04-14T16:06:38.597496155Z"}, {"ok": true, "asks": [{"price": 7403, "isBuy": false, "qty": 20}, {"price": 7455, "isBuy": false, "qty": 35}, {"price": 7529, "isBuy": false, "qty": 19}, {"price": 7529, "isBuy": false, "qty": 19}, {"price": 7612, "isBuy": false, "qty": 32}], "bids": [{"price": 6902, "isBuy": true, "qty": 238}, {"price": 6902, "isBuy": true, "qty": 250}, {"price": 6902, "isBuy": true, "qty": 238}, {"price": 6902, "isBuy": true, "qty": 238}, {"price": 6902, "isBuy": true, "qty": 238}, {"price": 6902, "isBuy": true, "qty": 250}], "symbol": "ELUS", "venue": "RFBBEX", "ts": "2016-04-14T16:06:40.848669375Z"}, {"ok": true, "asks": [{"price": 7403, "isBuy": false, "qty": 20}, {"price": 7455, "isBuy": false, "qty": 35}, {"price": 7529, "isBuy": false, "qty": 19}, {"price": 7529, "isBuy": false, "qty": 19}, {"price": 7612, "isBuy": false, "qty": 32}, {"price": 7641, "isBuy": false, "qty": 35}], "bids": [{"price": 6902, "isBuy": true, "qty": 238}, {"price": 6902, "isBuy": true, "qty": 250}, {"price": 6902, "isBuy": true, "qty": 238}, {"price": 6902, "isBuy": true, "qty": 238}, {"price": 6902, "isBuy": true, "qty": 238}, {"price": 6902, "isBuy": true, "qty": 250}, {"price": 6902, "isBuy": true, "qty": 250}], "symbol": "ELUS", "venue": "RFBBEX", "ts": "2016-04-14T16:06:41.435598643Z"}, {"ok": true, "asks": [{"price": 7403, "isBuy": false, "qty": 20}, {"price": 7455, "isBuy": false, "qty": 35}, {"price": 7529, "isBuy": false, "qty": 19}, {"price": 7529, "isBuy": false, "qty": 19}, {"price": 7612, "isBuy": false, "qty": 32}, {"price": 7641, "isBuy": false, "qty": 35}], "bids": [{"price": 6902, "isBuy": true, "qty": 238}, {"price": 6902, "isBuy": true, "qty": 250}, {"price": 6902, "isBuy": true, "qty": 238}, {"price": 6902, "isBuy": true, "qty": 238}, {"price": 6902, "isBuy": true, "qty": 238}, {"price": 6902, "isBuy": true, "qty": 250}, {"price": 6902, "isBuy": true, "qty": 250}], "symbol": "ELUS", "venue": "RFBBEX", "ts": "2016-04-14T16:06:41.52709444Z"}, {"ok": true, "asks": [{"price": 7403, "isBuy": false, "qty": 20}, {"price": 7455, "isBuy": false, "qty": 35}, {"price": 7529, "isBuy": false, "qty": 19}, {"price": 7529, "isBuy": false, "qty": 19}, {"price": 7612, "isBuy": false, "qty": 32}, {"price": 7641, "isBuy": false, "qty": 35}], "bids": [{"price": 6902, "isBuy": true, "qty": 238}, {"price": 6902, "isBuy": true, "qty": 250}, {"price": 6902, "isBuy": true, "qty": 238}, {"price": 6902, "isBuy": true, "qty": 238}, {"price": 6902, "isBuy": true, "qty": 238}, {"price": 6902, "isBuy": true, "qty": 250}, {"price": 6902, "isBuy": true, "qty": 250}], "symbol": "ELUS", "venue": "RFBBEX", "ts": "2016-04-14T16:06:41.621986263Z"}, {"ok": true, "asks": [{"price": 7403, "isBuy": false, "qty": 20}, {"price": 7455, "isBuy": false, "qty": 35}, {"price": 7529, "isBuy": false, "qty": 19}, {"price": 7529, "isBuy": false, "qty": 19}, {"price": 7612, "isBuy": false, "qty": 32}, {"price": 7641, "isBuy": false, "qty": 35}], "bids": [{"price": 6902, "isBuy": true, "qty": 238}, {"price": 6902, "isBuy": true, "qty": 250}, {"price": 6902, "isBuy": true, "qty": 238}, {"price": 6902, "isBuy": true, "qty": 238}, {"price": 6902, "isBuy": true, "qty": 238}, {"price": 6902, "isBuy": true, "qty": 250}, {"price": 6902, "isBuy": true, "qty": 250}], "symbol": "ELUS", "venue": "RFBBEX", "ts": "2016-04-14T16:06:41.71321079Z"}, {"ok": true, "asks": [{"price": 7403, "isBuy": false, "qty": 20}, {"price": 7455, "isBuy": false, "qty": 35}, {"price": 7529, "isBuy": false, "qty": 19}, {"price": 7529, "isBuy": false, "qty": 19}, {"price": 7612, "isBuy": false, "qty": 32}, {"price": 7641, "isBuy": false, "qty": 35}], "bids": [{"price": 6902, "isBuy": true, "qty": 238}, {"price": 6902, "isBuy": true, "qty": 250}, {"price": 6902, "isBuy": true, "qty": 238}, {"price": 6902, "isBuy": true, "qty": 238}, {"price": 6902, "isBuy": true, "qty": 238}, {"price": 6902, "isBuy": true, "qty": 250}, {"price": 6902, "isBuy": true, "qty": 250}], "symbol": "ELUS", "venue": "RFBBEX", "ts": "2016-04-14T16:06:41.821226447Z"}, {"ok": true, "asks": [{"price": 7403, "isBuy": false, "qty": 20}, {"price": 7455, "isBuy": false, "qty": 35}, {"price": 7529, "isBuy": false, "qty": 19}, {"price": 7529, "isBuy": false, "qty": 19}, {"price": 7612, "isBuy": false, "qty": 32}, {"price": 7641, "isBuy": false, "qty": 35}], "bids": [{"price": 6902, "isBuy": true, "qty": 238}, {"price": 6902, "isBuy": true, "qty": 250}, {"price": 6902, "isBuy": true, "qty": 238}, {"price": 6902, "isBuy": true, "qty": 238}, {"price": 6902, "isBuy": true, "qty": 238}, {"price": 6902, "isBuy": true, "qty": 250}, {"price": 6902, "isBuy": true, "qty": 250}], "symbol": "ELUS", "venue": "RFBBEX", "ts": "2016-04-14T16:06:41.929712186Z"}, {"ok": true, "asks": [{"price": 7403, "isBuy": false, "qty": 20}, {"price": 7455, "isBuy": false, "qty": 35}, {"price": 7529, "isBuy": false, "qty": 19}, {"price": 7529, "isBuy": false, "qty": 19}, {"price": 7612, "isBuy": false, "qty": 32}, {"price": 7641, "isBuy": false, "qty": 35}], "bids": [{"price": 6902, "isBuy": true, "qty": 238}, {"price": 6902, "isBuy": true, "qty": 250}, {"price": 6902, "isBuy": true, "qty": 238}, {"price": 6902, "isBuy": true, "qty": 238}, {"price": 6902, "isBuy": true, "qty": 238}, {"price": 6902, "isBuy": true, "qty": 250}, {"price": 6902, "isBuy": true, "qty": 250}], "symbol": "ELUS", "venue": "RFBBEX", "ts": "2016-04-14T16:06:42.054405913Z"}, {"ok": true, "asks": [{"price": 7191, "isBuy": false, "qty": 32}, {"price": 7300, "isBuy": false, "qty": 16}, {"price": 7336, "isBuy": false, "qty": 16}, {"price": 7372, "isBuy": false, "qty": 16}, {"price": 7455, "isBuy": false, "qty": 35}, {"price": 7529, "isBuy": false, "qty": 19}, {"price": 7529, "isBuy": false, "qty": 19}, {"price": 7612, "isBuy": false, "qty": 32}, {"price": 7641, "isBuy": false, "qty": 35}], "bids": [{"price": 7097, "isBuy": true, "qty": 449}, {"price": 7062, "isBuy": true, "qty": 480}, {"price": 7027, "isBuy": true, "qty": 480}, {"price": 6902, "isBuy": true, "qty": 52}, {"price": 6902, "isBuy": true, "qty": 250}, {"price": 6902, "isBuy": true, "qty": 238}, {"price": 6902, "isBuy": true, "qty": 238}, {"price": 6902, "isBuy": true, "qty": 238}, {"price": 6902, "isBuy": true, "qty": 250}, {"price": 6902, "isBuy": true, "qty": 250}], "symbol": "ELUS", "venue": "RFBBEX", "ts": "2016-04-14T16:06:42.169485966Z"}, {"ok": true, "asks": [{"price": 7191, "isBuy": false, "qty": 32}, {"price": 7300, "isBuy": false, "qty": 16}, {"price": 7336, "isBuy": false, "qty": 16}, {"price": 7372, "isBuy": false, "qty": 16}, {"price": 7455, "isBuy": false, "qty": 35}, {"price": 7529, "isBuy": false, "qty": 19}, {"price": 7529, "isBuy": false, "qty": 19}, {"price": 7612, "isBuy": false, "qty": 32}, {"price": 7641, "isBuy": false, "qty": 35}], "bids": [{"price": 7097, "isBuy": true, "qty": 449}, {"price": 7062, "isBuy": true, "qty": 480}, {"price": 7027, "isBuy": true, "qty": 480}, {"price": 6902, "isBuy": true, "qty": 52}, {"price": 6902, "isBuy": true, "qty": 250}, {"price": 6902, "isBuy": true, "qty": 238}, {"price": 6902, "isBuy": true, "qty": 238}, {"price": 6902, "isBuy": true, "qty": 238}, {"price": 6902, "isBuy": true, "qty": 250}, {"price": 6902, "isBuy": true, "qty": 250}], "symbol": "ELUS", "venue": "RFBBEX", "ts": "2016-04-14T16:06:42.304340668Z"}, {"ok": true, "asks": [{"price": 7191, "isBuy": false, "qty": 32}, {"price": 7300, "isBuy": false, "qty": 16}, {"price": 7336, "isBuy": false, "qty": 16}, {"price": 7372, "isBuy": false, "qty": 16}, {"price": 7455, "isBuy": false, "qty": 35}, {"price": 7529, "isBuy": false, "qty": 19}, {"price": 7529, "isBuy": false, "qty": 19}, {"price": 7612, "isBuy": false, "qty": 32}, {"price": 7641, "isBuy": false, "qty": 35}], "bids": [{"price": 7097, "isBuy": true, "qty": 449}, {"price": 7062, "isBuy": true, "qty": 480}, {"price": 7027, "isBuy": true, "qty": 480}, {"price": 6902, "isBuy": true, "qty": 52}, {"price": 6902, "isBuy": true, "qty": 250}, {"price": 6902, "isBuy": true, "qty": 238}, {"price": 6902, "isBuy": true, "qty": 238}, {"price": 6902, "isBuy": true, "qty": 238}, {"price": 6902, "isBuy": true, "qty": 250}, {"price": 6902, "isBuy": true, "qty": 250}], "symbol": "ELUS", "venue": "RFBBEX", "ts": "2016-04-14T16:06:42.435088355Z"}, {"ok": true, "asks": [{"price": 7191, "isBuy": false, "qty": 32}, {"price": 7300, "isBuy": false, "qty": 16}, {"price": 7336, "isBuy": false, "qty": 16}, {"price": 7372, "isBuy": false, "qty": 16}, {"price": 7455, "isBuy": false, "qty": 35}, {"price": 7529, "isBuy": false, "qty": 19}, {"price": 7529, "isBuy": false, "qty": 19}, {"price": 7612, "isBuy": false, "qty": 32}, {"price": 7641, "isBuy": false, "qty": 35}], "bids": [{"price": 7097, "isBuy": true, "qty": 449}, {"price": 7062, "isBuy": true, "qty": 480}, {"price": 7027, "isBuy": true, "qty": 480}, {"price": 6902, "isBuy": true, "qty": 52}, {"price": 6902, "isBuy": true, "qty": 250}, {"price": 6902, "isBuy": true, "qty": 238}, {"price": 6902, "isBuy": true, "qty": 238}, {"price": 6902, "isBuy": true, "qty": 238}, {"price": 6902, "isBuy": true, "qty": 250}, {"price": 6902, "isBuy": true, "qty": 250}], "symbol": "ELUS", "venue": "RFBBEX", "ts": "2016-04-14T16:06:42.532352179Z"}, {"ok": true, "asks": [{"price": 7191, "isBuy": false, "qty": 32}, {"price": 7300, "isBuy": false, "qty": 16}, {"price": 7336, "isBuy": false, "qty": 16}, {"price": 7372, "isBuy": false, "qty": 16}, {"price": 7455, "isBuy": false, "qty": 35}, {"price": 7529, "isBuy": false, "qty": 19}, {"price": 7529, "isBuy": false, "qty": 19}, {"price": 7612, "isBuy": false, "qty": 32}, {"price": 7641, "isBuy": false, "qty": 35}], "bids": [{"price": 7097, "isBuy": true, "qty": 449}, {"price": 7062, "isBuy": true, "qty": 480}, {"price": 7027, "isBuy": true, "qty": 480}, {"price": 6902, "isBuy": true, "qty": 52}, {"price": 6902, "isBuy": true, "qty": 250}, {"price": 6902, "isBuy": true, "qty": 238}, {"price": 6902, "isBuy": true, "qty": 238}, {"price": 6902, "isBuy": true, "qty": 238}, {"price": 6902, "isBuy": true, "qty": 250}, {"price": 6902, "isBuy": true, "qty": 250}], "symbol": "ELUS", "venue": "RFBBEX", "ts": "2016-04-14T16:06:42.655400023Z"}, {"ok": true, "asks": [{"price": 7191, "isBuy": false, "qty": 32}, {"price": 7300, "isBuy": false, "qty": 16}, {"price": 7336, "isBuy": false, "qty": 16}, {"price": 7372, "isBuy": false, "qty": 16}, {"price": 7455, "isBuy": false, "qty": 35}, {"price": 7529, "isBuy": false, "qty": 19}, {"price": 7529, "isBuy": false, "qty": 19}, {"price": 7612, "isBuy": false, "qty": 32}, {"price": 7641, "isBuy": false, "qty": 35}], "bids": [{"price": 7097, "isBuy": true, "qty": 449}, {"price": 7062, "isBuy": true, "qty": 480}, {"price": 7027, "isBuy": true, "qty": 480}, {"price": 6902, "isBuy": true, "qty": 52}, {"price": 6902, "isBuy": true, "qty": 250}, {"price": 6902, "isBuy": true, "qty": 238}, {"price": 6902, "isBuy": true, "qty": 238}, {"price": 6902, "isBuy": true, "qty": 238}, {"price": 6902, "isBuy": true, "qty": 250}, {"price": 6902, "isBuy": true, "qty": 250}], "symbol": "ELUS", "venue": "RFBBEX", "ts": "2016-04-14T16:06:44.935130861Z"}, {"ok": true, "asks": [{"price": 7191, "isBuy": false, "qty": 32}, {"price": 7300, "isBuy": false, "qty": 16}, {"price": 7336, "isBuy": false, "qty": 16}, {"price": 7372, "isBuy": false, "qty": 16}, {"price": 7455, "isBuy": false, "qty": 35}, {"price": 7482, "isBuy": false, "qty": 16}, {"price": 7529, "isBuy": false, "qty": 19}, {"price": 7529, "isBuy": false, "qty": 19}, {"price": 7612, "isBuy": false, "qty": 32}, {"price": 7641, "isBuy": false, "qty": 35}], "bids": [{"price": 7097, "isBuy": true, "qty": 449}, {"price": 7062, "isBuy": true, "qty": 480}, {"price": 7062, "isBuy": true, "qty": 250}, {"price": 7027, "isBuy": true, "qty": 480}, {"price": 6902, "isBuy": true, "qty": 52}, {"price": 6902, "isBuy": true, "qty": 250}, {"price": 6902, "isBuy": true, "qty": 238}, {"price": 6902, "isBuy": true, "qty": 238}, {"price": 6902, "isBuy": true, "qty": 238}, {"price": 6902, "isBuy": true, "qty": 250}, {"price": 6902, "isBuy": true, "qty": 250}], "symbol": "ELUS", "venue": "RFBBEX", "ts": "2016-04-14T16:06:45.886660777Z"}, {"ok": true, "asks": [{"price": 7191, "isBuy": false, "qty": 32}, {"price": 7300, "isBuy": false, "qty": 16}, {"price": 7336, "isBuy": false, "qty": 16}, {"price": 7372, "isBuy": false, "qty": 16}, {"price": 7455, "isBuy": false, "qty": 35}, {"price": 7482, "isBuy": false, "qty": 16}, {"price": 7529, "isBuy": false, "qty": 19}, {"price": 7529, "isBuy": false, "qty": 19}, {"price": 7612, "isBuy": false, "qty": 32}, {"price": 7641, "isBuy": false, "qty": 35}], "bids": [{"price": 7097, "isBuy": true, "qty": 449}, {"price": 7062, "isBuy": true, "qty": 480}, {"price": 7062, "isBuy": true, "qty": 250}, {"price": 7027, "isBuy": true, "qty": 480}, {"price": 6902, "isBuy": true, "qty": 52}, {"price": 6902, "isBuy": true, "qty": 250}, {"price": 6902, "isBuy": true, "qty": 238}, {"price": 6902, "isBuy": true, "qty": 238}, {"price": 6902, "isBuy": true, "qty": 238}, {"price": 6902, "isBuy": true, "qty": 250}, {"price": 6902, "isBuy": true, "qty": 250}], "symbol": "ELUS", "venue": "RFBBEX", "ts": "2016-04-14T16:06:45.984159277Z"}, {"ok": true, "asks": [{"price": 7191, "isBuy": false, "qty": 32}, {"price": 7300, "isBuy": false, "qty": 16}, {"price": 7336, "isBuy": false, "qty": 16}, {"price": 7372, "isBuy": false, "qty": 16}, {"price": 7455, "isBuy": false, "qty": 35}, {"price": 7482, "isBuy": false, "qty": 16}, {"price": 7529, "isBuy": false, "qty": 19}, {"price": 7529, "isBuy": false, "qty": 19}, {"price": 7612, "isBuy": false, "qty": 32}, {"price": 7641, "isBuy": false, "qty": 35}], "bids": [{"price": 7097, "isBuy": true, "qty": 449}, {"price": 7062, "isBuy": true, "qty": 480}, {"price": 7062, "isBuy": true, "qty": 250}, {"price": 7027, "isBuy": true, "qty": 480}, {"price": 6902, "isBuy": true, "qty": 52}, {"price": 6902, "isBuy": true, "qty": 250}, {"price": 6902, "isBuy": true, "qty": 238}, {"price": 6902, "isBuy": true, "qty": 238}, {"price": 6902, "isBuy": true, "qty": 238}, {"price": 6902, "isBuy": true, "qty": 250}, {"price": 6902, "isBuy": true, "qty": 250}], "symbol": "ELUS", "venue": "RFBBEX", "ts": "2016-04-14T16:06:46.079809833Z"}, {"ok": true, "asks": [{"price": 7191, "isBuy": false, "qty": 32}, {"price": 7300, "isBuy": false, "qty": 16}, {"price": 7336, "isBuy": false, "qty": 16}, {"price": 7372, "isBuy": false, "qty": 16}, {"price": 7455, "isBuy": false, "qty": 35}, {"price": 7482, "isBuy": false, "qty": 16}, {"price": 7529, "isBuy": false, "qty": 19}, {"price": 7529, "isBuy": false, "qty": 19}, {"price": 7612, "isBuy": false, "qty": 32}, {"price": 7641, "isBuy": false, "qty": 35}], "bids": [{"price": 7097, "isBuy": true, "qty": 449}, {"price": 7062, "isBuy": true, "qty": 480}, {"price": 7062, "isBuy": true, "qty": 250}, {"price": 7027, "isBuy": true, "qty": 480}, {"price": 6902, "isBuy": true, "qty": 52}, {"price": 6902, "isBuy": true, "qty": 250}, {"price": 6902, "isBuy": true, "qty": 238}, {"price": 6902, "isBuy": true, "qty": 238}, {"price": 6902, "isBuy": true, "qty": 238}, {"price": 6902, "isBuy": true, "qty": 250}, {"price": 6902, "isBuy": true, "qty": 250}], "symbol": "ELUS", "venue": "RFBBEX", "ts": "2016-04-14T16:06:46.202161983Z"}, {"ok": true, "asks": [{"price": 7191, "isBuy": false, "qty": 32}, {"price": 7300, "isBuy": false, "qty": 16}, {"price": 7336, "isBuy": false, "qty": 16}, {"price": 7372, "isBuy": false, "qty": 16}, {"price": 7455, "isBuy": false, "qty": 35}, {"price": 7482, "isBuy": false, "qty": 16}, {"price": 7529, "isBuy": false, "qty": 19}, {"price": 7529, "isBuy": false, "qty": 19}, {"price": 7612, "isBuy": false, "qty": 32}, {"price": 7641, "isBuy": false, "qty": 35}], "bids": [{"price": 7097, "isBuy": true, "qty": 449}, {"price": 7062, "isBuy": true, "qty": 480}, {"price": 7062, "isBuy": true, "qty": 250}, {"price": 7027, "isBuy": true, "qty": 480}, {"price": 6902, "isBuy": true, "qty": 52}, {"price": 6902, "isBuy": true, "qty": 250}, {"price": 6902, "isBuy": true, "qty": 238}, {"price": 6902, "isBuy": true, "qty": 238}, {"price": 6902, "isBuy": true, "qty": 238}, {"price": 6902, "isBuy": true, "qty": 250}, {"price": 6902, "isBuy": true, "qty": 250}], "symbol": "ELUS", "venue": "RFBBEX", "ts": "2016-04-14T16:06:46.313484914Z"}, {"ok": true, "asks": [{"price": 7191, "isBuy": false, "qty": 32}, {"price": 7300, "isBuy": false, "qty": 16}, {"price": 7336, "isBuy": false, "qty": 16}, {"price": 7372, "isBuy": false, "qty": 16}, {"price": 7455, "isBuy": false, "qty": 35}, {"price": 7482, "isBuy": false, "qty": 16}, {"price": 7529, "isBuy": false, "qty": 19}, {"price": 7529, "isBuy": false, "qty": 19}, {"price": 7612, "isBuy": false, "qty": 32}, {"price": 7641, "isBuy": false, "qty": 35}], "bids": [{"price": 7097, "isBuy": true, "qty": 449}, {"price": 7062, "isBuy": true, "qty": 480}, {"price": 7062, "isBuy": true, "qty": 250}, {"price": 7027, "isBuy": true, "qty": 480}, {"price": 6902, "isBuy": true, "qty": 52}, {"price": 6902, "isBuy": true, "qty": 250}, {"price": 6902, "isBuy": true, "qty": 238}, {"price": 6902, "isBuy": true, "qty": 238}, {"price": 6902, "isBuy": true, "qty": 238}, {"price": 6902, "isBuy": true, "qty": 250}, {"price": 6902, "isBuy": true, "qty": 250}], "symbol": "ELUS", "venue": "RFBBEX", "ts": "2016-04-14T16:06:46.425538862Z"}, {"ok": true, "asks": [{"price": 7191, "isBuy": false, "qty": 32}, {"price": 7300, "isBuy": false, "qty": 16}, {"price": 7336, "isBuy": false, "qty": 16}, {"price": 7372, "isBuy": false, "qty": 16}, {"price": 7455, "isBuy": false, "qty": 35}, {"price": 7482, "isBuy": false, "qty": 16}, {"price": 7529, "isBuy": false, "qty": 19}, {"price": 7529, "isBuy": false, "qty": 19}, {"price": 7612, "isBuy": false, "qty": 32}, {"price": 7641, "isBuy": false, "qty": 35}], "bids": [{"price": 7097, "isBuy": true, "qty": 449}, {"price": 7062, "isBuy": true, "qty": 480}, {"price": 7062, "isBuy": true, "qty": 250}, {"price": 7027, "isBuy": true, "qty": 480}, {"price": 6902, "isBuy": true, "qty": 52}, {"price": 6902, "isBuy": true, "qty": 250}, {"price": 6902, "isBuy": true, "qty": 238}, {"price": 6902, "isBuy": true, "qty": 238}, {"price": 6902, "isBuy": true, "qty": 238}, {"price": 6902, "isBuy": true, "qty": 250}, {"price": 6902, "isBuy": true, "qty": 250}], "symbol": "ELUS", "venue": "RFBBEX", "ts": "2016-04-14T16:06:46.555465207Z"}, {"ok": true, "asks": [{"price": 7191, "isBuy": false, "qty": 32}, {"price": 7300, "isBuy": false, "qty": 16}, {"price": 7336, "isBuy": false, "qty": 16}, {"price": 7372, "isBuy": false, "qty": 16}, {"price": 7455, "isBuy": false, "qty": 35}, {"price": 7482, "isBuy": false, "qty": 16}, {"price": 7529, "isBuy": false, "qty": 19}, {"price": 7529, "isBuy": false, "qty": 19}, {"price": 7612, "isBuy": false, "qty": 32}, {"price": 7641, "isBuy": false, "qty": 35}], "bids": [{"price": 7097, "isBuy": true, "qty": 449}, {"price": 7062, "isBuy": true, "qty": 480}, {"price": 7062, "isBuy": true, "qty": 250}, {"price": 7027, "isBuy": true, "qty": 480}, {"price": 6902, "isBuy": true, "qty": 52}, {"price": 6902, "isBuy": true, "qty": 250}, {"price": 6902, "isBuy": true, "qty": 238}, {"price": 6902, "isBuy": true, "qty": 238}, {"price": 6902, "isBuy": true, "qty": 238}, {"price": 6902, "isBuy": true, "qty": 250}, {"price": 6902, "isBuy": true, "qty": 250}], "symbol": "ELUS", "venue": "RFBBEX", "ts": "2016-04-14T16:06:46.676414483Z"}, {"ok": true, "asks": [{"price": 7191, "isBuy": false, "qty": 32}, {"price": 7300, "isBuy": false, "qty": 16}, {"price": 7336, "isBuy": false, "qty": 16}, {"price": 7372, "isBuy": false, "qty": 16}, {"price": 7455, "isBuy": false, "qty": 35}, {"price": 7482, "isBuy": false, "qty": 16}, {"price": 7529, "isBuy": false, "qty": 19}, {"price": 7529, "isBuy": false, "qty": 19}, {"price": 7612, "isBuy": false, "qty": 32}, {"price": 7641, "isBuy": false, "qty": 35}], "bids": [{"price": 7097, "isBuy": true, "qty": 449}, {"price": 7062, "isBuy": true, "qty": 480}, {"price": 7062, "isBuy": true, "qty": 250}, {"price": 7027, "isBuy": true, "qty": 480}, {"price": 6902, "isBuy": true, "qty": 52}, {"price": 6902, "isBuy": true, "qty": 250}, {"price": 6902, "isBuy": true, "qty": 238}, {"price": 6902, "isBuy": true, "qty": 238}, {"price": 6902, "isBuy": true, "qty": 238}, {"price": 6902, "isBuy": true, "qty": 250}, {"price": 6902, "isBuy": true, "qty": 250}], "symbol": "ELUS", "venue": "RFBBEX", "ts": "2016-04-14T16:06:46.769534572Z"}, {"ok": true, "asks": [{"price": 7191, "isBuy": false, "qty": 32}, {"price": 7300, "isBuy": false, "qty": 16}, {"price": 7336, "isBuy": false, "qty": 16}, {"price": 7372, "isBuy": false, "qty": 16}, {"price": 7455, "isBuy": false, "qty": 35}, {"price": 7482, "isBuy": false, "qty": 16}, {"price": 7529, "isBuy": false, "qty": 19}, {"price": 7529, "isBuy": false, "qty": 19}, {"price": 7612, "isBuy": false, "qty": 32}, {"price": 7641, "isBuy": false, "qty": 35}], "bids": [{"price": 7097, "isBuy": true, "qty": 449}, {"price": 7062, "isBuy": true, "qty": 480}, {"price": 7062, "isBuy": true, "qty": 250}, {"price": 7027, "isBuy": true, "qty": 480}, {"price": 6902, "isBuy": true, "qty": 52}, {"price": 6902, "isBuy": true, "qty": 250}, {"price": 6902, "isBuy": true, "qty": 238}, {"price": 6902, "isBuy": true, "qty": 238}, {"price": 6902, "isBuy": true, "qty": 238}, {"price": 6902, "isBuy": true, "qty": 250}, {"price": 6902, "isBuy": true, "qty": 250}], "symbol": "ELUS", "venue": "RFBBEX", "ts": "2016-04-14T16:06:46.860182065Z"}, {"ok": true, "asks": [{"price": 7191, "isBuy": false, "qty": 32}, {"price": 7300, "isBuy": false, "qty": 16}, {"price": 7336, "isBuy": false, "qty": 16}, {"price": 7372, "isBuy": false, "qty": 16}, {"price": 7455, "isBuy": false, "qty": 35}, {"price": 7482, "isBuy": false, "qty": 16}, {"price": 7529, "isBuy": false, "qty": 19}, {"price": 7529, "isBuy": false, "qty": 19}, {"price": 7612, "isBuy": false, "qty": 32}, {"price": 7641, "isBuy": false, "qty": 35}], "bids": [{"price": 7097, "isBuy": true, "qty": 449}, {"price": 7062, "isBuy": true, "qty": 480}, {"price": 7062, "isBuy": true, "qty": 250}, {"price": 7027, "isBuy": true, "qty": 480}, {"price": 6902, "isBuy": true, "qty": 52}, {"price": 6902, "isBuy": true, "qty": 250}, {"price": 6902, "isBuy": true, "qty": 238}, {"price": 6902, "isBuy": true, "qty": 238}, {"price": 6902, "isBuy": true, "qty": 238}, {"price": 6902, "isBuy": true, "qty": 250}, {"price": 6902, "isBuy": true, "qty": 250}], "symbol": "ELUS", "venue": "RFBBEX", "ts": "2016-04-14T16:06:46.99634748Z"}, {"ok": true, "asks": [{"price": 7191, "isBuy": false, "qty": 32}, {"price": 7300, "isBuy": false, "qty": 16}, {"price": 7336, "isBuy": false, "qty": 16}, {"price": 7372, "isBuy": false, "qty": 16}, {"price": 7455, "isBuy": false, "qty": 35}, {"price": 7482, "isBuy": false, "qty": 16}, {"price": 7529, "isBuy": false, "qty": 19}, {"price": 7529, "isBuy": false, "qty": 19}, {"price": 7612, "isBuy": false, "qty": 32}, {"price": 7641, "isBuy": false, "qty": 35}], "bids": [{"price": 7097, "isBuy": true, "qty": 449}, {"price": 7062, "isBuy": true, "qty": 480}, {"price": 7062, "isBuy": true, "qty": 250}, {"price": 7027, "isBuy": true, "qty": 480}, {"price": 6902, "isBuy": true, "qty": 52}, {"price": 6902, "isBuy": true, "qty": 250}, {"price": 6902, "isBuy": true, "qty": 238}, {"price": 6902, "isBuy": true, "qty": 238}, {"price": 6902, "isBuy": true, "qty": 238}, {"price": 6902, "isBuy": true, "qty": 250}, {"price": 6902, "isBuy": true, "qty": 250}], "symbol": "ELUS", "venue": "RFBBEX", "ts": "2016-04-14T16:06:47.091966753Z"}, {"ok": true, "asks": [{"price": 7311, "isBuy": false, "qty": 23}, {"price": 7347, "isBuy": false, "qty": 23}, {"price": 7383, "isBuy": false, "qty": 23}, {"price": 7455, "isBuy": false, "qty": 35}, {"price": 7482, "isBuy": false, "qty": 16}, {"price": 7529, "isBuy": false, "qty": 19}, {"price": 7529, "isBuy": false, "qty": 19}, {"price": 7612, "isBuy": false, "qty": 32}, {"price": 7641, "isBuy": false, "qty": 35}], "bids": [{"price": 7275, "isBuy": true, "qty": 44}, {"price": 7062, "isBuy": true, "qty": 250}, {"price": 6902, "isBuy": true, "qty": 52}, {"price": 6902, "isBuy": true, "qty": 250}, {"price": 6902, "isBuy": true, "qty": 238}, {"price": 6902, "isBuy": true, "qty": 238}, {"price": 6902, "isBuy": true, "qty": 238}, {"price": 6902, "isBuy": true, "qty": 250}, {"price": 6902, "isBuy": true, "qty": 250}, {"price": 6628, "isBuy": true, "qty": 476}, {"price": 6595, "isBuy": true, "qty": 476}, {"price": 6562, "isBuy": true, "qty": 476}], "symbol": "ELUS", "venue": "RFBBEX", "ts": "2016-04-14T16:06:47.186053253Z"}, {"ok": true, "asks": [{"price": 7097, "isBuy": false, "qty": 11}, {"price": 7132, "isBuy": false, "qty": 11}, {"price": 7167, "isBuy": false, "qty": 11}, {"price": 7529, "isBuy": false, "qty": 2}, {"price": 7612, "isBuy": false, "qty": 32}, {"price": 7641, "isBuy": false, "qty": 35}], "bids": [{"price": 7062, "isBuy": true, "qty": 250}, {"price": 6902, "isBuy": true, "qty": 52}, {"price": 6902, "isBuy": true, "qty": 250}, {"price": 6902, "isBuy": true, "qty": 238}, {"price": 6902, "isBuy": true, "qty": 238}, {"price": 6902, "isBuy": true, "qty": 238}, {"price": 6902, "isBuy": true, "qty": 250}, {"price": 6902, "isBuy": true, "qty": 250}, {"price": 6628, "isBuy": true, "qty": 481}, {"price": 6595, "isBuy": true, "qty": 481}, {"price": 6562, "isBuy": true, "qty": 481}], "symbol": "ELUS", "venue": "RFBBEX", "ts": "2016-04-14T16:06:47.290280629Z"}, {"ok": true, "asks": [{"price": 7097, "isBuy": false, "qty": 11}, {"price": 7132, "isBuy": false, "qty": 11}, {"price": 7167, "isBuy": false, "qty": 11}, {"price": 7529, "isBuy": false, "qty": 2}, {"price": 7612, "isBuy": false, "qty": 32}, {"price": 7641, "isBuy": false, "qty": 35}], "bids": [{"price": 7062, "isBuy": true, "qty": 250}, {"price": 6902, "isBuy": true, "qty": 52}, {"price": 6902, "isBuy": true, "qty": 250}, {"price": 6902, "isBuy": true, "qty": 238}, {"price": 6902, "isBuy": true, "qty": 238}, {"price": 6902, "isBuy": true, "qty": 238}, {"price": 6902, "isBuy": true, "qty": 250}, {"price": 6902, "isBuy": true, "qty": 250}, {"price": 6628, "isBuy": true, "qty": 481}, {"price": 6595, "isBuy": true, "qty": 481}, {"price": 6562, "isBuy": true, "qty": 481}], "symbol": "ELUS", "venue": "RFBBEX", "ts": "2016-04-14T16:06:49.497631364Z"}, {"ok": true, "asks": [{"price": 7097, "isBuy": false, "qty": 11}, {"price": 7132, "isBuy": false, "qty": 11}, {"price": 7167, "isBuy": false, "qty": 11}, {"price": 7310, "isBuy": false, "qty": 11}, {"price": 7529, "isBuy": false, "qty": 2}, {"price": 7612, "isBuy": false, "qty": 32}, {"price": 7641, "isBuy": false, "qty": 35}], "bids": [{"price": 7062, "isBuy": true, "qty": 250}, {"price": 6902, "isBuy": true, "qty": 52}, {"price": 6902, "isBuy": true, "qty": 250}, {"price": 6902, "isBuy": true, "qty": 238}, {"price": 6902, "isBuy": true, "qty": 238}, {"price": 6902, "isBuy": true, "qty": 238}, {"price": 6902, "isBuy": true, "qty": 250}, {"price": 6902, "isBuy": true, "qty": 250}, {"price": 6902, "isBuy": true, "qty": 52}, {"price": 6628, "isBuy": true, "qty": 481}, {"price": 6595, "isBuy": true, "qty": 481}, {"price": 6562, "isBuy": true, "qty": 481}], "symbol": "ELUS", "venue": "RFBBEX", "ts": "2016-04-14T16:06:50.210973448Z"}, {"ok": true, "asks": [{"price": 7097, "isBuy": false, "qty": 11}, {"price": 7132, "isBuy": false, "qty": 11}, {"price": 7167, "isBuy": false, "qty": 11}, {"price": 7310, "isBuy": false, "qty": 11}, {"price": 7529, "isBuy": false, "qty": 2}, {"price": 7612, "isBuy": false, "qty": 32}, {"price": 7641, "isBuy": false, "qty": 35}], "bids": [{"price": 7062, "isBuy": true, "qty": 250}, {"price": 6902, "isBuy": true, "qty": 52}, {"price": 6902, "isBuy": true, "qty": 250}, {"price": 6902, "isBuy": true, "qty": 238}, {"price": 6902, "isBuy": true, "qty": 238}, {"price": 6902, "isBuy": true, "qty": 238}, {"price": 6902, "isBuy": true, "qty": 250}, {"price": 6902, "isBuy": true, "qty": 250}, {"price": 6902, "isBuy": true, "qty": 52}, {"price": 6628, "isBuy": true, "qty": 481}, {"price": 6595, "isBuy": true, "qty": 481}, {"price": 6562, "isBuy": true, "qty": 481}], "symbol": "ELUS", "venue": "RFBBEX", "ts": "2016-04-14T16:06:50.302603665Z"}, {"ok": true, "asks": [{"price": 7097, "isBuy": false, "qty": 11}, {"price": 7132, "isBuy": false, "qty": 11}, {"price": 7167, "isBuy": false, "qty": 11}, {"price": 7310, "isBuy": false, "qty": 11}, {"price": 7529, "isBuy": false, "qty": 2}, {"price": 7612, "isBuy": false, "qty": 32}, {"price": 7641, "isBuy": false, "qty": 35}], "bids": [{"price": 7062, "isBuy": true, "qty": 250}, {"price": 6902, "isBuy": true, "qty": 52}, {"price": 6902, "isBuy": true, "qty": 250}, {"price": 6902, "isBuy": true, "qty": 238}, {"price": 6902, "isBuy": true, "qty": 238}, {"price": 6902, "isBuy": true, "qty": 238}, {"price": 6902, "isBuy": true, "qty": 250}, {"price": 6902, "isBuy": true, "qty": 250}, {"price": 6902, "isBuy": true, "qty": 52}, {"price": 6628, "isBuy": true, "qty": 481}, {"price": 6595, "isBuy": true, "qty": 481}, {"price": 6562, "isBuy": true, "qty": 481}], "symbol": "ELUS", "venue": "RFBBEX", "ts": "2016-04-14T16:06:50.399528661Z"}, {"ok": true, "asks": [{"price": 7097, "isBuy": false, "qty": 11}, {"price": 7132, "isBuy": false, "qty": 11}, {"price": 7167, "isBuy": false, "qty": 11}, {"price": 7310, "isBuy": false, "qty": 11}, {"price": 7529, "isBuy": false, "qty": 2}, {"price": 7612, "isBuy": false, "qty": 32}, {"price": 7641, "isBuy": false, "qty": 35}], "bids": [{"price": 7062, "isBuy": true, "qty": 250}, {"price": 6902, "isBuy": true, "qty": 52}, {"price": 6902, "isBuy": true, "qty": 250}, {"price": 6902, "isBuy": true, "qty": 238}, {"price": 6902, "isBuy": true, "qty": 238}, {"price": 6902, "isBuy": true, "qty": 238}, {"price": 6902, "isBuy": true, "qty": 250}, {"price": 6902, "isBuy": true, "qty": 250}, {"price": 6902, "isBuy": true, "qty": 52}, {"price": 6628, "isBuy": true, "qty": 481}, {"price": 6595, "isBuy": true, "qty": 481}, {"price": 6562, "isBuy": true, "qty": 481}], "symbol": "ELUS", "venue": "RFBBEX", "ts": "2016-04-14T16:06:50.491964308Z"}, {"ok": true, "asks": [{"price": 7097, "isBuy": false, "qty": 11}, {"price": 7132, "isBuy": false, "qty": 11}, {"price": 7167, "isBuy": false, "qty": 11}, {"price": 7310, "isBuy": false, "qty": 11}, {"price": 7529, "isBuy": false, "qty": 2}, {"price": 7612, "isBuy": false, "qty": 32}, {"price": 7641, "isBuy": false, "qty": 35}], "bids": [{"price": 7062, "isBuy": true, "qty": 250}, {"price": 6902, "isBuy": true, "qty": 52}, {"price": 6902, "isBuy": true, "qty": 250}, {"price": 6902, "isBuy": true, "qty": 238}, {"price": 6902, "isBuy": true, "qty": 238}, {"price": 6902, "isBuy": true, "qty": 238}, {"price": 6902, "isBuy": true, "qty": 250}, {"price": 6902, "isBuy": true, "qty": 250}, {"price": 6902, "isBuy": true, "qty": 52}, {"price": 6628, "isBuy": true, "qty": 481}, {"price": 6595, "isBuy": true, "qty": 481}, {"price": 6562, "isBuy": true, "qty": 481}], "symbol": "ELUS", "venue": "RFBBEX", "ts": "2016-04-14T16:06:50.588789011Z"}, {"ok": true, "asks": [{"price": 7097, "isBuy": false, "qty": 11}, {"price": 7132, "isBuy": false, "qty": 11}, {"price": 7167, "isBuy": false, "qty": 11}, {"price": 7310, "isBuy": false, "qty": 11}, {"price": 7529, "isBuy": false, "qty": 2}, {"price": 7612, "isBuy": false, "qty": 32}, {"price": 7641, "isBuy": false, "qty": 35}], "bids": [{"price": 7062, "isBuy": true, "qty": 250}, {"price": 6902, "isBuy": true, "qty": 52}, {"price": 6902, "isBuy": true, "qty": 250}, {"price": 6902, "isBuy": true, "qty": 238}, {"price": 6902, "isBuy": true, "qty": 238}, {"price": 6902, "isBuy": true, "qty": 238}, {"price": 6902, "isBuy": true, "qty": 250}, {"price": 6902, "isBuy": true, "qty": 250}, {"price": 6902, "isBuy": true, "qty": 52}, {"price": 6628, "isBuy": true, "qty": 481}, {"price": 6595, "isBuy": true, "qty": 481}, {"price": 6562, "isBuy": true, "qty": 481}], "symbol": "ELUS", "venue": "RFBBEX", "ts": "2016-04-14T16:06:50.696886352Z"}, {"ok": true, "asks": [{"price": 7097, "isBuy": false, "qty": 11}, {"price": 7132, "isBuy": false, "qty": 11}, {"price": 7167, "isBuy": false, "qty": 11}, {"price": 7310, "isBuy": false, "qty": 11}, {"price": 7529, "isBuy": false, "qty": 2}, {"price": 7612, "isBuy": false, "qty": 32}, {"price": 7641, "isBuy": false, "qty": 35}], "bids": [{"price": 7062, "isBuy": true, "qty": 250}, {"price": 6902, "isBuy": true, "qty": 52}, {"price": 6902, "isBuy": true, "qty": 250}, {"price": 6902, "isBuy": true, "qty": 238}, {"price": 6902, "isBuy": true, "qty": 238}, {"price": 6902, "isBuy": true, "qty": 238}, {"price": 6902, "isBuy": true, "qty": 250}, {"price": 6902, "isBuy": true, "qty": 250}, {"price": 6902, "isBuy": true, "qty": 52}, {"price": 6628, "isBuy": true, "qty": 481}, {"price": 6595, "isBuy": true, "qty": 481}, {"price": 6562, "isBuy": true, "qty": 481}], "symbol": "ELUS", "venue": "RFBBEX", "ts": "2016-04-14T16:06:50.792456715Z"}, {"ok": true, "asks": [{"price": 7097, "isBuy": false, "qty": 11}, {"price": 7132, "isBuy": false, "qty": 11}, {"price": 7167, "isBuy": false, "qty": 11}, {"price": 7310, "isBuy": false, "qty": 11}, {"price": 7529, "isBuy": false, "qty": 2}, {"price": 7612, "isBuy": false, "qty": 32}, {"price": 7641, "isBuy": false, "qty": 35}], "bids": [{"price": 7062, "isBuy": true, "qty": 250}, {"price": 6902, "isBuy": true, "qty": 52}, {"price": 6902, "isBuy": true, "qty": 250}, {"price": 6902, "isBuy": true, "qty": 238}, {"price": 6902, "isBuy": true, "qty": 238}, {"price": 6902, "isBuy": true, "qty": 238}, {"price": 6902, "isBuy": true, "qty": 250}, {"price": 6902, "isBuy": true, "qty": 250}, {"price": 6902, "isBuy": true, "qty": 52}, {"price": 6628, "isBuy": true, "qty": 481}, {"price": 6595, "isBuy": true, "qty": 481}, {"price": 6562, "isBuy": true, "qty": 481}], "symbol": "ELUS", "venue": "RFBBEX", "ts": "2016-04-14T16:06:50.887081557Z"}, {"ok": true, "asks": [{"price": 7097, "isBuy": false, "qty": 11}, {"price": 7132, "isBuy": false, "qty": 11}, {"price": 7167, "isBuy": false, "qty": 11}, {"price": 7310, "isBuy": false, "qty": 11}, {"price": 7529, "isBuy": false, "qty": 2}, {"price": 7612, "isBuy": false, "qty": 32}, {"price": 7641, "isBuy": false, "qty": 35}], "bids": [{"price": 6902, "isBuy": true, "qty": 52}, {"price": 6902, "isBuy": true, "qty": 250}, {"price": 6902, "isBuy": true, "qty": 238}, {"price": 6902, "isBuy": true, "qty": 238}, {"price": 6902, "isBuy": true, "qty": 238}, {"price": 6902, "isBuy": true, "qty": 250}, {"price": 6902, "isBuy": true, "qty": 250}, {"price": 6902, "isBuy": true, "qty": 52}, {"price": 6628, "isBuy": true, "qty": 481}, {"price": 6595, "isBuy": true, "qty": 481}, {"price": 6562, "isBuy": true, "qty": 481}], "symbol": "ELUS", "venue": "RFBBEX", "ts": "2016-04-14T16:06:51.084128904Z"}, {"ok": true, "asks": [{"price": 7097, "isBuy": false, "qty": 11}, {"price": 7132, "isBuy": false, "qty": 11}, {"price": 7167, "isBuy": false, "qty": 11}, {"price": 7310, "isBuy": false, "qty": 11}, {"price": 7529, "isBuy": false, "qty": 2}, {"price": 7612, "isBuy": false, "qty": 32}, {"price": 7641, "isBuy": false, "qty": 35}], "bids": [{"price": 6902, "isBuy": true, "qty": 52}, {"price": 6902, "isBuy": true, "qty": 250}, {"price": 6902, "isBuy": true, "qty": 238}, {"price": 6902, "isBuy": true, "qty": 238}, {"price": 6902, "isBuy": true, "qty": 238}, {"price": 6902, "isBuy": true, "qty": 250}, {"price": 6902, "isBuy": true, "qty": 250}, {"price": 6902, "isBuy": true, "qty": 52}, {"price": 6628, "isBuy": true, "qty": 481}, {"price": 6595, "isBuy": true, "qty": 481}, {"price": 6562, "isBuy": true, "qty": 481}], "symbol": "ELUS", "venue": "RFBBEX", "ts": "2016-04-14T16:06:51.178753329Z"}, {"ok": true, "asks": [{"price": 7097, "isBuy": false, "qty": 11}, {"price": 7132, "isBuy": false, "qty": 11}, {"price": 7167, "isBuy": false, "qty": 11}, {"price": 7310, "isBuy": false, "qty": 11}, {"price": 7529, "isBuy": false, "qty": 2}, {"price": 7612, "isBuy": false, "qty": 32}, {"price": 7641, "isBuy": false, "qty": 35}], "bids": [{"price": 6902, "isBuy": true, "qty": 52}, {"price": 6902, "isBuy": true, "qty": 250}, {"price": 6902, "isBuy": true, "qty": 238}, {"price": 6902, "isBuy": true, "qty": 238}, {"price": 6902, "isBuy": true, "qty": 238}, {"price": 6902, "isBuy": true, "qty": 250}, {"price": 6902, "isBuy": true, "qty": 250}, {"price": 6902, "isBuy": true, "qty": 52}, {"price": 6628, "isBuy": true, "qty": 481}, {"price": 6595, "isBuy": true, "qty": 481}, {"price": 6562, "isBuy": true, "qty": 481}], "symbol": "ELUS", "venue": "RFBBEX", "ts": "2016-04-14T16:06:51.274810369Z"}, {"ok": true, "asks": [{"price": 7097, "isBuy": false, "qty": 11}, {"price": 7132, "isBuy": false, "qty": 11}, {"price": 7167, "isBuy": false, "qty": 11}, {"price": 7310, "isBuy": false, "qty": 11}, {"price": 7529, "isBuy": false, "qty": 2}, {"price": 7612, "isBuy": false, "qty": 32}, {"price": 7641, "isBuy": false, "qty": 35}], "bids": [{"price": 6902, "isBuy": true, "qty": 52}, {"price": 6902, "isBuy": true, "qty": 250}, {"price": 6902, "isBuy": true, "qty": 238}, {"price": 6902, "isBuy": true, "qty": 238}, {"price": 6902, "isBuy": true, "qty": 238}, {"price": 6902, "isBuy": true, "qty": 250}, {"price": 6902, "isBuy": true, "qty": 250}, {"price": 6902, "isBuy": true, "qty": 52}, {"price": 6628, "isBuy": true, "qty": 481}, {"price": 6595, "isBuy": true, "qty": 481}, {"price": 6562, "isBuy": true, "qty": 481}], "symbol": "ELUS", "venue": "RFBBEX", "ts": "2016-04-14T16:06:51.381372276Z"}, {"ok": true, "asks": [{"price": 7097, "isBuy": false, "qty": 11}, {"price": 7132, "isBuy": false, "qty": 11}, {"price": 7167, "isBuy": false, "qty": 11}, {"price": 7310, "isBuy": false, "qty": 11}, {"price": 7529, "isBuy": false, "qty": 2}, {"price": 7612, "isBuy": false, "qty": 32}, {"price": 7641, "isBuy": false, "qty": 35}], "bids": [{"price": 6902, "isBuy": true, "qty": 52}, {"price": 6902, "isBuy": true, "qty": 250}, {"price": 6902, "isBuy": true, "qty": 238}, {"price": 6902, "isBuy": true, "qty": 238}, {"price": 6902, "isBuy": true, "qty": 238}, {"price": 6902, "isBuy": true, "qty": 250}, {"price": 6902, "isBuy": true, "qty": 250}, {"price": 6902, "isBuy": true, "qty": 52}, {"price": 6628, "isBuy": true, "qty": 481}, {"price": 6595, "isBuy": true, "qty": 481}, {"price": 6562, "isBuy": true, "qty": 481}], "symbol": "ELUS", "venue": "RFBBEX", "ts": "2016-04-14T16:06:51.483024312Z"}, {"ok": true, "asks": [{"price": 7310, "isBuy": false, "qty": 11}, {"price": 7322, "isBuy": false, "qty": 8}, {"price": 7358, "isBuy": false, "qty": 8}, {"price": 7394, "isBuy": false, "qty": 8}, {"price": 7529, "isBuy": false, "qty": 2}, {"price": 7612, "isBuy": false, "qty": 32}, {"price": 7641, "isBuy": false, "qty": 35}], "bids": [{"price": 7286, "isBuy": true, "qty": 250}, {"price": 7092, "isBuy": true, "qty": 212}, {"price": 6902, "isBuy": true, "qty": 52}, {"price": 6902, "isBuy": true, "qty": 250}, {"price": 6902, "isBuy": true, "qty": 238}, {"price": 6902, "isBuy": true, "qty": 238}, {"price": 6902, "isBuy": true, "qty": 238}, {"price": 6902, "isBuy": true, "qty": 250}, {"price": 6902, "isBuy": true, "qty": 250}, {"price": 6902, "isBuy": true, "qty": 52}, {"price": 6712, "isBuy": true, "qty": 491}, {"price": 6679, "isBuy": true, "qty": 491}, {"price": 6646, "isBuy": true, "qty": 491}], "symbol": "ELUS", "venue": "RFBBEX", "ts": "2016-04-14T16:06:53.672828843Z"}, {"ok": true, "asks": [{"price": 7310, "isBuy": false, "qty": 11}, {"price": 7322, "isBuy": false, "qty": 8}, {"price": 7358, "isBuy": false, "qty": 8}, {"price": 7394, "isBuy": false, "qty": 8}, {"price": 7505, "isBuy": false, "qty": 8}, {"price": 7529, "isBuy": false, "qty": 2}, {"price": 7612, "isBuy": false, "qty": 32}, {"price": 7641, "isBuy": false, "qty": 35}], "bids": [{"price": 7286, "isBuy": true, "qty": 250}, {"price": 7092, "isBuy": true, "qty": 212}, {"price": 7092, "isBuy": true, "qty": 212}, {"price": 6902, "isBuy": true, "qty": 52}, {"price": 6902, "isBuy": true, "qty": 250}, {"price": 6902, "isBuy": true, "qty": 238}, {"price": 6902, "isBuy": true, "qty": 238}, {"price": 6902, "isBuy": true, "qty": 238}, {"price": 6902, "isBuy": true, "qty": 250}, {"price": 6902, "isBuy": true, "qty": 250}, {"price": 6902, "isBuy": true, "qty": 52}, {"price": 6712, "isBuy": true, "qty": 491}, {"price": 6679, "isBuy": true, "qty": 491}, {"price": 6646, "isBuy": true, "qty": 491}], "symbol": "ELUS", "venue": "RFBBEX", "ts": "2016-04-14T16:06:54.26764575Z"}, {"ok": true, "asks": [{"price": 7310, "isBuy": false, "qty": 11}, {"price": 7322, "isBuy": false, "qty": 8}, {"price": 7358, "isBuy": false, "qty": 8}, {"price": 7394, "isBuy": false, "qty": 8}, {"price": 7505, "isBuy": false, "qty": 8}, {"price": 7529, "isBuy": false, "qty": 2}, {"price": 7612, "isBuy": false, "qty": 32}, {"price": 7641, "isBuy": false, "qty": 35}], "bids": [{"price": 7286, "isBuy": true, "qty": 250}, {"price": 7092, "isBuy": true, "qty": 212}, {"price": 7092, "isBuy": true, "qty": 212}, {"price": 6902, "isBuy": true, "qty": 52}, {"price": 6902, "isBuy": true, "qty": 250}, {"price": 6902, "isBuy": true, "qty": 238}, {"price": 6902, "isBuy": true, "qty": 238}, {"price": 6902, "isBuy": true, "qty": 238}, {"price": 6902, "isBuy": true, "qty": 250}, {"price": 6902, "isBuy": true, "qty": 250}, {"price": 6902, "isBuy": true, "qty": 52}, {"price": 6712, "isBuy": true, "qty": 491}, {"price": 6679, "isBuy": true, "qty": 491}, {"price": 6646, "isBuy": true, "qty": 491}], "symbol": "ELUS", "venue": "RFBBEX", "ts": "2016-04-14T16:06:54.365302719Z"}, {"ok": true, "asks": [{"price": 7310, "isBuy": false, "qty": 11}, {"price": 7322, "isBuy": false, "qty": 8}, {"price": 7358, "isBuy": false, "qty": 8}, {"price": 7394, "isBuy": false, "qty": 8}, {"price": 7505, "isBuy": false, "qty": 8}, {"price": 7529, "isBuy": false, "qty": 2}, {"price": 7612, "isBuy": false, "qty": 32}, {"price": 7641, "isBuy": false, "qty": 35}], "bids": [{"price": 7286, "isBuy": true, "qty": 250}, {"price": 7092, "isBuy": true, "qty": 212}, {"price": 7092, "isBuy": true, "qty": 212}, {"price": 6902, "isBuy": true, "qty": 52}