[{"ok": true, "asks": [{"price": 2562, "isBuy": false, "qty": 4330}, {"price": 2574, "isBuy": false, "qty": 4381}, {"price": 2586, "isBuy": false, "qty": 4381}], "bids": [{"price": 2538, "isBuy": true, "qty": 5543}, {"price": 2526, "isBuy": true, "qty": 5543}, {"price": 2514, "isBuy": true, "qty": 5543}], "symbol": "FLI", "venue": "RPDBEX", "ts": "2016-04-28T06:21:08.168747758Z"}, {"ok": true, "asks": [{"price": 2522, "isBuy": false, "qty": 749}, {"price": 2584, "isBuy": false, "qty": 3964}, {"price": 2596, "isBuy": false, "qty": 3964}, {"price": 2608, "isBuy": false, "qty": 3964}], "bids": null, "symbol": "FLI", "venue": "RPDBEX", "ts": "2016-04-28T06:21:15.163262917Z"}, {"ok": true, "asks": [{"price": 2522, "isBuy": false, "qty": 749}, {"price": 2584, "isBuy": false, "qty": 3964}, {"price": 2596, "isBuy": false, "qty": 3964}, {"price": 2608, "isBuy": false, "qty": 3964}], "bids": null, "symbol": "FLI", "venue": "RPDBEX", "ts": "2016-04-28T06:21:15.329961479Z"}, {"ok": true, "asks": [{"price": 2557, "isBuy": false, "qty": 3749}, {"price": 2569, "isBuy": false, "qty": 3749}, {"price": 2581, "isBuy": false, "qty": 3749}], "bids": [{"price": 2533, "isBuy": true, "qty": 5643}, {"price": 2521, "isBuy": true, "qty": 6017}, {"price": 2509, "isBuy": true, "qty": 6017}], "symbol": "FLI", "venue": "RPDBEX", "ts": "2016-04-28T06:21:18.24739438Z"}, {"ok": true, "asks": [{"price": 2557, "isBuy": false, "qty": 2938}, {"price": 2569, "isBuy": false, "qty": 3749}, {"price": 2581, "isBuy": false, "qty": 3749}], "bids": [{"price": 2533, "isBuy": true, "qty": 5050}, {"price": 2521, "isBuy": true, "qty": 6017}, {"price": 2509, "isBuy": true, "qty": 6017}], "symbol": "FLI", "venue": "RPDBEX", "ts": "2016-04-28T06:21:21.294809885Z"}, {"ok": true, "asks": [{"price": 2611, "isBuy": false, "qty": 3683}, {"price": 2623, "isBuy": false, "qty": 3683}, {"price": 2635, "isBuy": false, "qty": 3683}], "bids": [{"price": 2571, "isBuy": true, "qty": 406}], "symbol": "FLI", "venue": "RPDBEX", "ts": "2016-04-28T06:21:25.32992643Z"}, {"ok": true, "asks": [{"price": 2611, "isBuy": false, "qty": 3683}, {"price": 2623, "isBuy": false, "qty": 3683}, {"price": 2635, "isBuy": false, "qty": 3683}], "bids": null, "symbol": "FLI", "venue": "RPDBEX", "ts": "2016-04-28T06:21:25.996698614Z"}, {"ok": true, "asks": [{"price": 2673, "isBuy": false, "qty": 3547}, {"price": 2686, "isBuy": false, "qty": 3547}, {"price": 2699, "isBuy": false, "qty": 3547}], "bids": [{"price": 2583, "isBuy": true, "qty": 174}], "symbol": "FLI", "venue": "RPDBEX", "ts": "2016-04-28T06:21:36.081668115Z"}, {"ok": true, "asks": [{"price": 2553, "isBuy": false, "qty": 3599}, {"price": 2565, "isBuy": false, "qty": 3599}, {"price": 2577, "isBuy": false, "qty": 3599}, {"price": 2597, "isBuy": false, "qty": 424}], "bids": [{"price": 2529, "isBuy": true, "qty": 6400}, {"price": 2517, "isBuy": true, "qty": 6400}, {"price": 2505, "isBuy": true, "qty": 6400}], "symbol": "FLI", "venue": "RPDBEX", "ts": "2016-04-28T06:21:38.901342755Z"}, {"ok": true, "asks": [{"price": 2586, "isBuy": false, "qty": 5636}, {"price": 2598, "isBuy": false, "qty": 5636}, {"price": 2610, "isBuy": false, "qty": 5636}], "bids": null, "symbol": "FLI", "venue": "RPDBEX", "ts": "2016-04-28T06:21:48.970656524Z"}, {"ok": true, "asks": [{"price": 2546, "isBuy": false, "qty": 786}, {"price": 2586, "isBuy": false, "qty": 5636}, {"price": 2598, "isBuy": false, "qty": 5636}, {"price": 2610, "isBuy": false, "qty": 5636}], "bids": null, "symbol": "FLI", "venue": "RPDBEX", "ts": "2016-04-28T06:21:50.724812797Z"}, {"ok": true, "asks": [{"price": 2467, "isBuy": false, "qty": 5423}, {"price": 2479, "isBuy": false, "qty": 5423}, {"price": 2491, "isBuy": false, "qty": 5423}, {"price": 2534, "isBuy": false, "qty": 786}, {"price": 2546, "isBuy": false, "qty": 361}], "bids": [{"price": 2443, "isBuy": true, "qty": 4363}, {"price": 2431, "isBuy": true, "qty": 4363}, {"price": 2419, "isBuy": true, "qty": 4363}], "symbol": "FLI", "venue": "RPDBEX", "ts": "2016-04-28T06:21:53.723712021Z"}, {"ok": true, "asks": [{"price": 2467, "isBuy": false, "qty": 5423}, {"price": 2479, "isBuy": false, "qty": 5423}, {"price": 2491, "isBuy": false, "qty": 5423}, {"price": 2534, "isBuy": false, "qty": 786}, {"price": 2546, "isBuy": false, "qty": 361}], "bids": [{"price": 2443, "isBuy": true, "qty": 4363}, {"price": 2431, "isBuy": true, "qty": 4363}, {"price": 2419, "isBuy": true, "qty": 4363}], "symbol": "FLI", "venue": "RPDBEX", "ts": "2016-04-28T06:21:54.396879953Z"}, {"ok": true, "asks": [{"price": 2467, "isBuy": false, "qty": 4998}, {"price": 2479, "isBuy": false, "qty": 5423}, {"price": 2491, "isBuy": false, "qty": 5423}, {"price": 2534, "isBuy": false, "qty": 786}, {"price": 2546, "isBuy": false, "qty": 361}], "bids": [{"price": 2443, "isBuy": true, "qty": 4363}, {"price": 2431, "isBuy": true, "qty": 4363}, {"price": 2419, "isBuy": true, "qty": 4363}], "symbol": "FLI", "venue": "RPDBEX", "ts": "2016-04-28T06:21:56.534886181Z"}, {"ok": true, "asks": [{"price": 2534, "isBuy": false, "qty": 648}, {"price": 2546, "isBuy": false, "qty": 361}, {"price": 2589, "isBuy": false, "qty": 5121}, {"price": 2601, "isBuy": false, "qty": 5121}, {"price": 2613, "isBuy": false, "qty": 5121}], "bids": null, "symbol": "FLI", "venue": "RPDBEX", "ts": "2016-04-28T06:22:03.221047745Z"}, {"ok": true, "asks": [{"price": 2546, "isBuy": false, "qty": 361}, {"price": 2548, "isBuy": false, "qty": 5202}, {"price": 2560, "isBuy": false, "qty": 5202}, {"price": 2572, "isBuy": false, "qty": 5202}], "bids": [{"price": 2536, "isBuy": true, "qty": 24}, {"price": 2528, "isBuy": true, "qty": 427}, {"price": 2499, "isBuy": true, "qty": 4797}, {"price": 2487, "isBuy": true, "qty": 4797}, {"price": 2480, "isBuy": true, "qty": 143}, {"price": 2475, "isBuy": true, "qty": 4797}], "symbol": "FLI", "venue": "RPDBEX", "ts": "2016-04-28T06:22:03.730030327Z"}, {"ok": true, "asks": [{"price": 2546, "isBuy": false, "qty": 361}, {"price": 2548, "isBuy": false, "qty": 5202}, {"price": 2560, "isBuy": false, "qty": 5202}, {"price": 2572, "isBuy": false, "qty": 5202}], "bids": [{"price": 2536, "isBuy": true, "qty": 24}, {"price": 2528, "isBuy": true, "qty": 427}, {"price": 2499, "isBuy": true, "qty": 4797}, {"price": 2487, "isBuy": true, "qty": 4797}, {"price": 2480, "isBuy": true, "qty": 143}, {"price": 2475, "isBuy": true, "qty": 4797}], "symbol": "FLI", "venue": "RPDBEX", "ts": "2016-04-28T06:22:04.0834305Z"}, {"ok": true, "asks": [{"price": 2546, "isBuy": false, "qty": 361}, {"price": 2548, "isBuy": false, "qty": 5202}, {"price": 2560, "isBuy": false, "qty": 5202}, {"price": 2572, "isBuy": false, "qty": 5202}], "bids": [{"price": 2536, "isBuy": true, "qty": 24}, {"price": 2528, "isBuy": true, "qty": 427}, {"price": 2499, "isBuy": true, "qty": 4797}, {"price": 2487, "isBuy": true, "qty": 4797}, {"price": 2480, "isBuy": true, "qty": 143}, {"price": 2475, "isBuy": true, "qty": 4797}], "symbol": "FLI", "venue": "RPDBEX", "ts": "2016-04-28T06:22:05.366595596Z"}, {"ok": true, "asks": [{"price": 2663, "isBuy": false, "qty": 5245}, {"price": 2676, "isBuy": false, "qty": 5245}, {"price": 2689, "isBuy": false, "qty": 5245}], "bids": null, "symbol": "FLI", "venue": "RPDBEX", "ts": "2016-04-28T06:22:07.646109495Z"}, {"ok": true, "asks": [{"price": 2663, "isBuy": false, "qty": 5245}, {"price": 2676, "isBuy": false, "qty": 5245}, {"price": 2689, "isBuy": false, "qty": 5245}], "bids": [{"price": 2578, "isBuy": true, "qty": 786}], "symbol": "FLI", "venue": "RPDBEX", "ts": "2016-04-28T06:22:11.893541145Z"}, {"ok": true, "asks": [{"price": 2663, "isBuy": false, "qty": 5245}, {"price": 2676, "isBuy": false, "qty": 5245}, {"price": 2689, "isBuy": false, "qty": 5245}], "bids": [{"price": 2578, "isBuy": true, "qty": 786}], "symbol": "FLI", "venue": "RPDBEX", "ts": "2016-04-28T06:22:11.913414942Z"}, {"ok": true, "asks": [{"price": 2444, "isBuy": false, "qty": 5191}, {"price": 2456, "isBuy": false, "qty": 5191}, {"price": 2468, "isBuy": false, "qty": 5191}, {"price": 2622, "isBuy": false, "qty": 605}], "bids": [{"price": 2420, "isBuy": true, "qty": 4648}, {"price": 2408, "isBuy": true, "qty": 4648}, {"price": 2396, "isBuy": true, "qty": 4648}], "symbol": "FLI", "venue": "RPDBEX", "ts": "2016-04-28T06:22:16.3255607Z"}, {"ok": true, "asks": [{"price": 1630, "isBuy": false, "qty": 434011}, {"price": 2436, "isBuy": false, "qty": 712}, {"price": 2564, "isBuy": false, "qty": 5066}, {"price": 2576, "isBuy": false, "qty": 5066}, {"price": 2588, "isBuy": false, "qty": 5066}, {"price": 2622, "isBuy": false, "qty": 605}], "bids": null, "symbol": "FLI", "venue": "RPDBEX", "ts": "2016-04-28T06:22:19.160744657Z"}, {"ok": true, "asks": [{"price": 1630, "isBuy": false, "qty": 434011}, {"price": 2436, "isBuy": false, "qty": 712}, {"price": 2564, "isBuy": false, "qty": 5066}, {"price": 2576, "isBuy": false, "qty": 5066}, {"price": 2588, "isBuy": false, "qty": 5066}, {"price": 2622, "isBuy": false, "qty": 605}], "bids": null, "symbol": "FLI", "venue": "RPDBEX", "ts": "2016-04-28T06:22:19.767221725Z"}, {"ok": true, "asks": [{"price": 1630, "isBuy": false, "qty": 434011}, {"price": 2436, "isBuy": false, "qty": 712}, {"price": 2564, "isBuy": false, "qty": 5066}, {"price": 2576, "isBuy": false, "qty": 5066}, {"price": 2588, "isBuy": false, "qty": 5066}, {"price": 2622, "isBuy": false, "qty": 605}], "bids": null, "symbol": "FLI", "venue": "RPDBEX", "ts": "2016-04-28T06:22:20.222263436Z"}, {"ok": true, "asks": [{"price": 2387, "isBuy": false, "qty": 303}, {"price": 2628, "isBuy": false, "qty": 5672}, {"price": 2641, "isBuy": false, "qty": 5672}, {"price": 2654, "isBuy": false, "qty": 5672}], "bids": null, "symbol": "FLI", "venue": "RPDBEX", "ts": "2016-04-28T06:22:24.639534651Z"}, {"ok": true, "asks": [{"price": 2387, "isBuy": false, "qty": 303}, {"price": 2575, "isBuy": false, "qty": 303}, {"price": 2628, "isBuy": false, "qty": 5672}, {"price": 2641, "isBuy": false, "qty": 5672}, {"price": 2654, "isBuy": false, "qty": 5672}], "bids": null, "symbol": "FLI", "venue": "RPDBEX", "ts": "2016-04-28T06:22:26.674084821Z"}, {"ok": true, "asks": [{"price": 2473, "isBuy": false, "qty": 5490}, {"price": 2485, "isBuy": false, "qty": 5490}, {"price": 2497, "isBuy": false, "qty": 5490}, {"price": 2575, "isBuy": false, "qty": 303}], "bids": [{"price": 2449, "isBuy": true, "qty": 4263}, {"price": 2437, "isBuy": true, "qty": 4263}, {"price": 2425, "isBuy": true, "qty": 4263}], "symbol": "FLI", "venue": "RPDBEX", "ts": "2016-04-28T06:22:27.600186068Z"}, {"ok": true, "asks": [{"price": 2473, "isBuy": false, "qty": 5490}, {"price": 2485, "isBuy": false, "qty": 5490}, {"price": 2497, "isBuy": false, "qty": 5490}, {"price": 2575, "isBuy": false, "qty": 303}], "bids": [{"price": 2449, "isBuy": true, "qty": 4263}, {"price": 2437, "isBuy": true, "qty": 4263}, {"price": 2425, "isBuy": true, "qty": 4263}], "symbol": "FLI", "venue": "RPDBEX", "ts": "2016-04-28T06:22:28.781813757Z"}, {"ok": true, "asks": [{"price": 2473, "isBuy": false, "qty": 5490}, {"price": 2485, "isBuy": false, "qty": 5490}, {"price": 2497, "isBuy": false, "qty": 5490}, {"price": 2575, "isBuy": false, "qty": 303}], "bids": [{"price": 2449, "isBuy": true, "qty": 4263}, {"price": 2437, "isBuy": true, "qty": 4263}, {"price": 2425, "isBuy": true, "qty": 4263}], "symbol": "FLI", "venue": "RPDBEX", "ts": "2016-04-28T06:22:30.468933517Z"}, {"ok": true, "asks": [{"price": 2575, "isBuy": false, "qty": 303}, {"price": 2667, "isBuy": false, "qty": 5472}, {"price": 2680, "isBuy": false, "qty": 5472}, {"price": 2693, "isBuy": false, "qty": 5472}], "bids": null, "symbol": "FLI", "venue": "RPDBEX", "ts": "2016-04-28T06:22:33.959347576Z"}, {"ok": true, "asks": [{"price": 2667, "isBuy": false, "qty": 5472}, {"price": 2680, "isBuy": false, "qty": 5472}, {"price": 2693, "isBuy": false, "qty": 5472}], "bids": null, "symbol": "FLI", "venue": "RPDBEX", "ts": "2016-04-28T06:22:35.422651674Z"}, {"ok": true, "asks": [{"price": 2518, "isBuy": false, "qty": 205}, {"price": 2564, "isBuy": false, "qty": 5435}, {"price": 2576, "isBuy": false, "qty": 5435}, {"price": 2588, "isBuy": false, "qty": 5435}], "bids": [{"price": 2469, "isBuy": true, "qty": 4564}, {"price": 2457, "isBuy": true, "qty": 4564}, {"price": 2445, "isBuy": true, "qty": 4564}], "symbol": "FLI", "venue": "RPDBEX", "ts": "2016-04-28T06:22:38.751139311Z"}, {"ok": true, "asks": [{"price": 2512, "isBuy": false, "qty": 303}, {"price": 2518, "isBuy": false, "qty": 205}, {"price": 2564, "isBuy": false, "qty": 5435}, {"price": 2576, "isBuy": false, "qty": 5435}, {"price": 2588, "isBuy": false, "qty": 5435}], "bids": [{"price": 2469, "isBuy": true, "qty": 4564}, {"price": 2457, "isBuy": true, "qty": 4564}, {"price": 2445, "isBuy": true, "qty": 4564}], "symbol": "FLI", "venue": "RPDBEX", "ts": "2016-04-28T06:22:40.404286254Z"}, {"ok": true, "asks": [{"price": 2512, "isBuy": false, "qty": 303}, {"price": 2518, "isBuy": false, "qty": 205}, {"price": 2564, "isBuy": false, "qty": 5435}, {"price": 2576, "isBuy": false, "qty": 5435}, {"price": 2588, "isBuy": false, "qty": 5435}], "bids": [{"price": 2469, "isBuy": true, "qty": 4564}, {"price": 2457, "isBuy": true, "qty": 4564}, {"price": 2445, "isBuy": true, "qty": 4564}], "symbol": "FLI", "venue": "RPDBEX", "ts": "2016-04-28T06:22:40.92634329Z"}, {"ok": true, "asks": [{"price": 2512, "isBuy": false, "qty": 303}, {"price": 2518, "isBuy": false, "qty": 205}, {"price": 2564, "isBuy": false, "qty": 5435}, {"price": 2576, "isBuy": false, "qty": 5435}, {"price": 2588, "isBuy": false, "qty": 5435}], "bids": [{"price": 2469, "isBuy": true, "qty": 4564}, {"price": 2457, "isBuy": true, "qty": 4564}, {"price": 2445, "isBuy": true, "qty": 4564}], "symbol": "FLI", "venue": "RPDBEX", "ts": "2016-04-28T06:22:41.732036218Z"}, {"ok": true, "asks": null, "bids": [{"price": 2412, "isBuy": true, "qty": 4743}, {"price": 2400, "isBuy": true, "qty": 4743}, {"price": 2388, "isBuy": true, "qty": 4743}], "symbol": "FLI", "venue": "RPDBEX", "ts": "2016-04-28T06:22:45.127179181Z"}, {"ok": true, "asks": [{"price": 2544, "isBuy": false, "qty": 4940}, {"price": 2556, "isBuy": false, "qty": 5238}, {"price": 2568, "isBuy": false, "qty": 5238}], "bids": [{"price": 2460, "isBuy": true, "qty": 4438}, {"price": 2448, "isBuy": true, "qty": 4438}, {"price": 2448, "isBuy": true, "qty": 847}, {"price": 2436, "isBuy": true, "qty": 4438}], "symbol": "FLI", "venue": "RPDBEX", "ts": "2016-04-28T06:22:51.100070125Z"}, {"ok": true, "asks": [{"price": 2541, "isBuy": false, "qty": 5195}, {"price": 2553, "isBuy": false, "qty": 5494}, {"price": 2565, "isBuy": false, "qty": 5494}], "bids": [{"price": 2517, "isBuy": true, "qty": 4392}, {"price": 2505, "isBuy": true, "qty": 4392}, {"price": 2493, "isBuy": true, "qty": 4392}, {"price": 2448, "isBuy": true, "qty": 847}], "symbol": "FLI", "venue": "RPDBEX", "ts": "2016-04-28T06:22:52.474838538Z"}, {"ok": true, "asks": [{"price": 2541, "isBuy": false, "qty": 5195}, {"price": 2553, "isBuy": false, "qty": 5494}, {"price": 2565, "isBuy": false, "qty": 5494}], "bids": [{"price": 2517, "isBuy": true, "qty": 4392}, {"price": 2505, "isBuy": true, "qty": 4392}, {"price": 2493, "isBuy": true, "qty": 4392}, {"price": 2448, "isBuy": true, "qty": 847}], "symbol": "FLI", "venue": "RPDBEX", "ts": "2016-04-28T06:22:53.745426063Z"}, {"ok": true, "asks": [{"price": 2541, "isBuy": false, "qty": 5195}, {"price": 2553, "isBuy": false, "qty": 5494}, {"price": 2565, "isBuy": false, "qty": 5494}], "bids": [{"price": 2517, "isBuy": true, "qty": 4392}, {"price": 2505, "isBuy": true, "qty": 4392}, {"price": 2493, "isBuy": true, "qty": 4392}, {"price": 2448, "isBuy": true, "qty": 847}], "symbol": "FLI", "venue": "RPDBEX", "ts": "2016-04-28T06:22:54.697267908Z"}, {"ok": true, "asks": [{"price": 2541, "isBuy": false, "qty": 5195}, {"price": 2553, "isBuy": false, "qty": 5494}, {"price": 2565, "isBuy": false, "qty": 5494}], "bids": [{"price": 2517, "isBuy": true, "qty": 4392}, {"price": 2505, "isBuy": true, "qty": 4392}, {"price": 2493, "isBuy": true, "qty": 4392}, {"price": 2448, "isBuy": true, "qty": 847}], "symbol": "FLI", "venue": "RPDBEX", "ts": "2016-04-28T06:22:55.690484121Z"}, {"ok": true, "asks": null, "bids": [{"price": 2448, "isBuy": true, "qty": 847}, {"price": 2429, "isBuy": true, "qty": 4165}, {"price": 2417, "isBuy": true, "qty": 4165}, {"price": 2405, "isBuy": true, "qty": 4165}], "symbol": "FLI", "venue": "RPDBEX", "ts": "2016-04-28T06:22:58.203862437Z"}, {"ok": true, "asks": null, "bids": [{"price": 2448, "isBuy": true, "qty": 847}, {"price": 2429, "isBuy": true, "qty": 4165}, {"price": 2417, "isBuy": true, "qty": 4165}, {"price": 2405, "isBuy": true, "qty": 4165}], "symbol": "FLI", "venue": "RPDBEX", "ts": "2016-04-28T06:22:59.24063273Z"}, {"ok": true, "asks": null, "bids": [{"price": 2448, "isBuy": true, "qty": 847}, {"price": 2429, "isBuy": true, "qty": 4165}, {"price": 2417, "isBuy": true, "qty": 4165}, {"price": 2405, "isBuy": true, "qty": 4165}], "symbol": "FLI", "venue": "RPDBEX", "ts": "2016-04-28T06:23:01.67648858Z"}, {"ok": true, "asks": [{"price": 2485, "isBuy": false, "qty": 5832}, {"price": 2497, "isBuy": false, "qty": 5832}, {"price": 2509, "isBuy": false, "qty": 5832}], "bids": [{"price": 2477, "isBuy": true, "qty": 424}, {"price": 2461, "isBuy": true, "qty": 4095}, {"price": 2449, "isBuy": true, "qty": 4095}, {"price": 2448, "isBuy": true, "qty": 255}, {"price": 2437, "isBuy": true, "qty": 4095}], "symbol": "FLI", "venue": "RPDBEX", "ts": "2016-04-28T06:23:04.264566679Z"}, {"ok": true, "asks": [{"price": 2485, "isBuy": false, "qty": 5832}, {"price": 2497, "isBuy": false, "qty": 5832}, {"price": 2509, "isBuy": false, "qty": 5832}], "bids": [{"price": 2477, "isBuy": true, "qty": 424}, {"price": 2461, "isBuy": true, "qty": 4095}, {"price": 2449, "isBuy": true, "qty": 4095}, {"price": 2448, "isBuy": true, "qty": 255}, {"price": 2437, "isBuy": true, "qty": 4095}], "symbol": "FLI", "venue": "RPDBEX", "ts": "2016-04-28T06:23:05.07864746Z"}, {"ok": true, "asks": [{"price": 2485, "isBuy": false, "qty": 5832}, {"price": 2497, "isBuy": false, "qty": 5832}, {"price": 2509, "isBuy": false, "qty": 5832}], "bids": [{"price": 2477, "isBuy": true, "qty": 424}, {"price": 2461, "isBuy": true, "qty": 4095}, {"price": 2449, "isBuy": true, "qty": 4095}, {"price": 2448, "isBuy": true, "qty": 255}, {"price": 2437, "isBuy": true, "qty": 4095}], "symbol": "FLI", "venue": "RPDBEX", "ts": "2016-04-28T06:23:05.267066801Z"}, {"ok": true, "asks": [{"price": 2506, "isBuy": false, "qty": 5585}, {"price": 2518, "isBuy": false, "qty": 5585}, {"price": 2530, "isBuy": false, "qty": 5585}], "bids": [{"price": 2448, "isBuy": true, "qty": 255}], "symbol": "FLI", "venue": "RPDBEX", "ts": "2016-04-28T06:23:07.182366711Z"}, {"ok": true, "asks": [{"price": 2506, "isBuy": false, "qty": 5585}, {"price": 2518, "isBuy": false, "qty": 5585}, {"price": 2530, "isBuy": false, "qty": 5585}], "bids": [{"price": 2448, "isBuy": true, "qty": 255}], "symbol": "FLI", "venue": "RPDBEX", "ts": "2016-04-28T06:23:08.77800965Z"}, {"ok": true, "asks": [{"price": 2594, "isBuy": false, "qty": 5588}, {"price": 2606, "isBuy": false, "qty": 5588}, {"price": 2618, "isBuy": false, "qty": 5588}], "bids": null, "symbol": "FLI", "venue": "RPDBEX", "ts": "2016-04-28T06:23:15.114514961Z"}, {"ok": true, "asks": [{"price": 2556, "isBuy": false, "qty": 783}, {"price": 2645, "isBuy": false, "qty": 5796}, {"price": 2658, "isBuy": false, "qty": 5796}, {"price": 2671, "isBuy": false, "qty": 5796}], "bids": null, "symbol": "FLI", "venue": "RPDBEX", "ts": "2016-04-28T06:23:17.623434582Z"}, {"ok": true, "asks": [{"price": 2556, "isBuy": false, "qty": 783}, {"price": 2645, "isBuy": false, "qty": 5796}, {"price": 2658, "isBuy": false, "qty": 5796}, {"price": 2671, "isBuy": false, "qty": 5796}], "bids": null, "symbol": "FLI", "venue": "RPDBEX", "ts": "2016-04-28T06:23:19.007563456Z"}, {"ok": true, "asks": [{"price": 2556, "isBuy": false, "qty": 783}, {"price": 2645, "isBuy": false, "qty": 5796}, {"price": 2658, "isBuy": false, "qty": 5796}, {"price": 2671, "isBuy": false, "qty": 5796}], "bids": null, "symbol": "FLI", "venue": "RPDBEX", "ts": "2016-04-28T06:23:21.138560737Z"}, {"ok": true, "asks": [{"price": 1533, "isBuy": false, "qty": 539267}], "bids": [{"price": 1526, "isBuy": true, "qty": 2981}, {"price": 1519, "isBuy": true, "qty": 2981}, {"price": 1512, "isBuy": true, "qty": 2981}], "symbol": "FLI", "venue": "RPDBEX", "ts": "2016-04-28T06:23:26.01633151Z"}, {"ok": true, "asks": null, "bids": [{"price": 2470, "isBuy": true, "qty": 2919}, {"price": 2458, "isBuy": true, "qty": 2919}, {"price": 2446, "isBuy": true, "qty": 2919}, {"price": 1549, "isBuy": true, "qty": 890}], "symbol": "FLI", "venue": "RPDBEX", "ts": "2016-04-28T06:23:29.479856299Z"}, {"ok": true, "asks": null, "bids": [{"price": 2470, "isBuy": true, "qty": 2919}, {"price": 2458, "isBuy": true, "qty": 2919}, {"price": 2446, "isBuy": true, "qty": 2919}, {"price": 1549, "isBuy": true, "qty": 890}], "symbol": "FLI", "venue": "RPDBEX", "ts": "2016-04-28T06:23:29.740771924Z"}, {"ok": true, "asks": [{"price": 2638, "isBuy": false, "qty": 7215}, {"price": 2651, "isBuy": false, "qty": 7215}, {"price": 2664, "isBuy": false, "qty": 7215}], "bids": [{"price": 2599, "isBuy": true, "qty": 2503}, {"price": 2586, "isBuy": true, "qty": 2503}], "symbol": "FLI", "venue": "RPDBEX", "ts": "2016-04-28T06:23:32.147588321Z"}, {"ok": true, "asks": [{"price": 2638, "isBuy": false, "qty": 7215}, {"price": 2651, "isBuy": false, "qty": 7215}, {"price": 2664, "isBuy": false, "qty": 7215}], "bids": [{"price": 2599, "isBuy": true, "qty": 2503}, {"price": 2586, "isBuy": true, "qty": 2503}], "symbol": "FLI", "venue": "RPDBEX", "ts": "2016-04-28T06:23:35.567213745Z"}, {"ok": true, "asks": [{"price": 2440, "isBuy": false, "qty": 7528}, {"price": 2452, "isBuy": false, "qty": 7528}, {"price": 2464, "isBuy": false, "qty": 7528}], "bids": [{"price": 2416, "isBuy": true, "qty": 2471}, {"price": 2404, "isBuy": true, "qty": 2471}, {"price": 2392, "isBuy": true, "qty": 2471}], "symbol": "FLI", "venue": "RPDBEX", "ts": "2016-04-28T06:23:39.045676417Z"}, {"ok": true, "asks": [{"price": 2608, "isBuy": false, "qty": 7184}, {"price": 2620, "isBuy": false, "qty": 7184}, {"price": 2632, "isBuy": false, "qty": 7184}], "bids": null, "symbol": "FLI", "venue": "RPDBEX", "ts": "2016-04-28T06:23:43.141005353Z"}, {"ok": true, "asks": [{"price": 2567, "isBuy": false, "qty": 554}, {"price": 2608, "isBuy": false, "qty": 7184}, {"price": 2620, "isBuy": false, "qty": 7184}, {"price": 2632, "isBuy": false, "qty": 7184}], "bids": null, "symbol": "FLI", "venue": "RPDBEX", "ts": "2016-04-28T06:23:46.288318875Z"}, {"ok": true, "asks": [{"price": 2567, "isBuy": false, "qty": 554}, {"price": 2608, "isBuy": false, "qty": 7184}, {"price": 2620, "isBuy": false, "qty": 7184}, {"price": 2632, "isBuy": false, "qty": 7184}], "bids": null, "symbol": "FLI", "venue": "RPDBEX", "ts": "2016-04-28T06:23:46.832223979Z"}, {"ok": true, "asks": [{"price": 2439, "isBuy": false, "qty": 6799}, {"price": 2451, "isBuy": false, "qty": 6799}, {"price": 2463, "isBuy": false, "qty": 6799}, {"price": 2555, "isBuy": false, "qty": 277}], "bids": [{"price": 2415, "isBuy": true, "qty": 2894}, {"price": 2403, "isBuy": true, "qty": 2894}, {"price": 2391, "isBuy": true, "qty": 2894}], "symbol": "FLI", "venue": "RPDBEX", "ts": "2016-04-28T06:23:50.124140955Z"}, {"ok": true, "asks": [{"price": 2439, "isBuy": false, "qty": 6799}, {"price": 2451, "isBuy": false, "qty": 6799}, {"price": 2463, "isBuy": false, "qty": 6799}, {"price": 2555, "isBuy": false, "qty": 277}], "bids": [{"price": 2415, "isBuy": true, "qty": 2894}, {"price": 2403, "isBuy": true, "qty": 2894}, {"price": 2391, "isBuy": true, "qty": 2894}], "symbol": "FLI", "venue": "RPDBEX", "ts": "2016-04-28T06:23:50.373476379Z"}, {"ok": true, "asks": [{"price": 2592, "isBuy": false, "qty": 6555}, {"price": 2604, "isBuy": false, "qty": 6555}, {"price": 2616, "isBuy": false, "qty": 6555}], "bids": [{"price": 2451, "isBuy": true, "qty": 722}], "symbol": "FLI", "venue": "RPDBEX", "ts": "2016-04-28T06:23:56.571149977Z"}, {"ok": true, "asks": [{"price": 2564, "isBuy": false, "qty": 479}, {"price": 2566, "isBuy": false, "qty": 563}, {"price": 2627, "isBuy": false, "qty": 6759}, {"price": 2640, "isBuy": false, "qty": 6759}, {"price": 2653, "isBuy": false, "qty": 6759}], "bids": null, "symbol": "FLI", "venue": "RPDBEX", "ts": "2016-04-28T06:23:57.289296423Z"}, {"ok": true, "asks": [{"price": 2564, "isBuy": false, "qty": 479}, {"price": 2566, "isBuy": false, "qty": 563}, {"price": 2627, "isBuy": false, "qty": 6759}, {"price": 2640, "isBuy": false, "qty": 6759}, {"price": 2653, "isBuy": false, "qty": 6759}], "bids": null, "symbol": "FLI", "venue": "RPDBEX", "ts": "2016-04-28T06:23:57.912776128Z"}, {"ok": true, "asks": [{"price": 2514, "isBuy": false, "qty": 499}, {"price": 2564, "isBuy": false, "qty": 479}, {"price": 2566, "isBuy": false, "qty": 563}, {"price": 2627, "isBuy": false, "qty": 6759}, {"price": 2640, "isBuy": false, "qty": 6759}, {"price": 2653, "isBuy": false, "qty": 6759}], "bids": null, "symbol": "FLI", "venue": "RPDBEX", "ts": "2016-04-28T06:24:00.769980405Z"}, {"ok": true, "asks": [{"price": 2514, "isBuy": false, "qty": 499}, {"price": 2564, "isBuy": false, "qty": 479}, {"price": 2566, "isBuy": false, "qty": 563}, {"price": 2627, "isBuy": false, "qty": 6759}, {"price": 2640, "isBuy": false, "qty": 6759}, {"price": 2653, "isBuy": false, "qty": 6759}], "bids": null, "symbol": "FLI", "venue": "RPDBEX", "ts": "2016-04-28T06:24:01.111438862Z"}, {"ok": true, "asks": [{"price": 2635, "isBuy": false, "qty": 6625}, {"price": 2648, "isBuy": false, "qty": 6961}, {"price": 2661, "isBuy": false, "qty": 6961}], "bids": [{"price": 2495, "isBuy": true, "qty": 620}, {"price": 2459, "isBuy": true, "qty": 3038}, {"price": 2447, "isBuy": true, "qty": 3038}, {"price": 2435, "isBuy": true, "qty": 3038}], "symbol": "FLI", "venue": "RPDBEX", "ts": "2016-04-28T06:24:11.834331874Z"}, {"ok": true, "asks": [{"price": 2538, "isBuy": false, "qty": 6852}, {"price": 2550, "isBuy": false, "qty": 6852}, {"price": 2562, "isBuy": false, "qty": 6852}], "bids": [{"price": 2514, "isBuy": true, "qty": 3061}, {"price": 2508, "isBuy": true, "qty": 749}, {"price": 2502, "isBuy": true, "qty": 3061}, {"price": 2490, "isBuy": true, "qty": 3061}], "symbol": "FLI", "venue": "RPDBEX", "ts": "2016-04-28T06:24:13.805037896Z"}, {"ok": true, "asks": [{"price": 2538, "isBuy": false, "qty": 6852}, {"price": 2550, "isBuy": false, "qty": 6852}, {"price": 2562, "isBuy": false, "qty": 6852}], "bids": [{"price": 2514, "isBuy": true, "qty": 3061}, {"price": 2508, "isBuy": true, "qty": 749}, {"price": 2502, "isBuy": true, "qty": 3061}, {"price": 2490, "isBuy": true, "qty": 3061}], "symbol": "FLI", "venue": "RPDBEX", "ts": "2016-04-28T06:24:15.776849515Z"}, {"ok": true, "asks": [{"price": 2579, "isBuy": false, "qty": 6852}, {"price": 2591, "isBuy": false, "qty": 6852}, {"price": 2603, "isBuy": false, "qty": 6852}], "bids": [{"price": 2508, "isBuy": true, "qty": 477}], "symbol": "FLI", "venue": "RPDBEX", "ts": "2016-04-28T06:24:19.142330106Z"}, {"ok": true, "asks": [{"price": 2579, "isBuy": false, "qty": 6852}, {"price": 2591, "isBuy": false, "qty": 6852}, {"price": 2603, "isBuy": false, "qty": 6852}], "bids": [{"price": 2508, "isBuy": true, "qty": 477}], "symbol": "FLI", "venue": "RPDBEX", "ts": "2016-04-28T06:24:19.33507886Z"}, {"ok": true, "asks": [{"price": 2542, "isBuy": false, "qty": 264}, {"price": 2606, "isBuy": false, "qty": 6969}, {"price": 2618, "isBuy": false, "qty": 6969}, {"price": 2630, "isBuy": false, "qty": 6969}], "bids": null, "symbol": "FLI", "venue": "RPDBEX", "ts": "2016-04-28T06:24:22.329843419Z"}, {"ok": true, "asks": null, "bids": [{"price": 2475, "isBuy": true, "qty": 2839}, {"price": 2463, "isBuy": true, "qty": 2839}, {"price": 2451, "isBuy": true, "qty": 2839}], "symbol": "FLI", "venue": "RPDBEX", "ts": "2016-04-28T06:24:28.762426425Z"}, {"ok": true, "asks": [{"price": 2679, "isBuy": false, "qty": 7357}, {"price": 2692, "isBuy": false, "qty": 7357}, {"price": 2705, "isBuy": false, "qty": 7357}], "bids": [{"price": 2666, "isBuy": true, "qty": 203}, {"price": 2620, "isBuy": true, "qty": 2642}, {"price": 2607, "isBuy": true, "qty": 2642}, {"price": 2594, "isBuy": true, "qty": 2642}], "symbol": "FLI", "venue": "RPDBEX", "ts": "2016-04-28T06:24:33.502514648Z"}, {"ok": true, "asks": [{"price": 2679, "isBuy": false, "qty": 7357}, {"price": 2692, "isBuy": false, "qty": 7357}, {"price": 2705, "isBuy": false, "qty": 7357}], "bids": [{"price": 2666, "isBuy": true, "qty": 203}, {"price": 2620, "isBuy": true, "qty": 2642}, {"price": 2607, "isBuy": true, "qty": 2642}, {"price": 2594, "isBuy": true, "qty": 2642}], "symbol": "FLI", "venue": "RPDBEX", "ts": "2016-04-28T06:24:35.284965625Z"}, {"ok": true, "asks": [{"price": 2638, "isBuy": false, "qty": 406}], "bids": [{"price": 2468, "isBuy": true, "qty": 2770}, {"price": 2456, "isBuy": true, "qty": 2770}, {"price": 2444, "isBuy": true, "qty": 2770}], "symbol": "FLI", "venue": "RPDBEX", "ts": "2016-04-28T06:24:37.551052536Z"}, {"ok": true, "asks": [{"price": 2638, "isBuy": false, "qty": 406}], "bids": [{"price": 2505, "isBuy": true, "qty": 491}, {"price": 2468, "isBuy": true, "qty": 2770}, {"price": 2456, "isBuy": true, "qty": 2770}, {"price": 2444, "isBuy": true, "qty": 2770}], "symbol": "FLI", "venue": "RPDBEX", "ts": "2016-04-28T06:24:41.164927449Z"}, {"ok": true, "asks": null, "bids": [{"price": 2505, "isBuy": true, "qty": 491}, {"price": 2468, "isBuy": true, "qty": 2770}, {"price": 2456, "isBuy": true, "qty": 2770}, {"price": 2444, "isBuy": true, "qty": 2770}], "symbol": "FLI", "venue": "RPDBEX", "ts": "2016-04-28T06:24:41.634506008Z"}, {"ok": true, "asks": [{"price": 2630, "isBuy": false, "qty": 586}, {"price": 2670, "isBuy": false, "qty": 7317}, {"price": 2683, "isBuy": false, "qty": 7317}, {"price": 2696, "isBuy": false, "qty": 7317}], "bids": [{"price": 2529, "isBuy": true, "qty": 2250}, {"price": 2517, "isBuy": true, "qty": 2682}, {"price": 2505, "isBuy": true, "qty": 491}, {"price": 2505, "isBuy": true, "qty": 2682}], "symbol": "FLI", "venue": "RPDBEX", "ts": "2016-04-28T06:24:43.999994339Z"}, {"ok": true, "asks": [{"price": 2616, "isBuy": false, "qty": 507}, {"price": 2630, "isBuy": false, "qty": 586}, {"price": 2670, "isBuy": false, "qty": 7317}, {"price": 2683, "isBuy": false, "qty": 7317}, {"price": 2696, "isBuy": false, "qty": 7317}], "bids": [{"price": 2529, "isBuy": true, "qty": 2250}, {"price": 2517, "isBuy": true, "qty": 2682}, {"price": 2505, "isBuy": true, "qty": 491}, {"price": 2505, "isBuy": true, "qty": 2682}], "symbol": "FLI", "venue": "RPDBEX", "ts": "2016-04-28T06:24:45.482313008Z"}, {"ok": true, "asks": [{"price": 2616, "isBuy": false, "qty": 507}, {"price": 2630, "isBuy": false, "qty": 586}, {"price": 2670, "isBuy": false, "qty": 7317}, {"price": 2683, "isBuy": false, "qty": 7317}, {"price": 2696, "isBuy": false, "qty": 7317}], "bids": [{"price": 2529, "isBuy": true, "qty": 2250}, {"price": 2517, "isBuy": true, "qty": 2682}, {"price": 2505, "isBuy": true, "qty": 491}, {"price": 2505, "isBuy": true, "qty": 2682}], "symbol": "FLI", "venue": "RPDBEX", "ts": "2016-04-28T06:24:46.130141566Z"}, {"ok": true, "asks": [{"price": 2577, "isBuy": false, "qty": 499}, {"price": 2607, "isBuy": false, "qty": 7138}, {"price": 2616, "isBuy": false, "qty": 507}, {"price": 2619, "isBuy": false, "qty": 7375}, {"price": 2631, "isBuy": false, "qty": 7375}], "bids": [{"price": 2531, "isBuy": true, "qty": 2624}, {"price": 2519, "isBuy": true, "qty": 2624}, {"price": 2507, "isBuy": true, "qty": 2624}, {"price": 2505, "isBuy": true, "qty": 491}], "symbol": "FLI", "venue": "RPDBEX", "ts": "2016-04-28T06:24:48.761636283Z"}, {"ok": true, "asks": [{"price": 2577, "isBuy": false, "qty": 499}, {"price": 2607, "isBuy": false, "qty": 7138}, {"price": 2616, "isBuy": false, "qty": 507}, {"price": 2619, "isBuy": false, "qty": 7375}, {"price": 2631, "isBuy": false, "qty": 7375}], "bids": [{"price": 2531, "isBuy": true, "qty": 2624}, {"price": 2519, "isBuy": true, "qty": 2624}, {"price": 2507, "isBuy": true, "qty": 2624}, {"price": 2505, "isBuy": true, "qty": 491}], "symbol": "FLI", "venue": "RPDBEX", "ts": "2016-04-28T06:24:49.224255013Z"}, {"ok": true, "asks": [{"price": 2577, "isBuy": false, "qty": 499}, {"price": 2607, "isBuy": false, "qty": 7138}, {"price": 2616, "isBuy": false, "qty": 507}, {"price": 2619, "isBuy": false, "qty": 7375}, {"price": 2631, "isBuy": false, "qty": 7375}], "bids": [{"price": 2531, "isBuy": true, "qty": 2624}, {"price": 2519, "isBuy": true, "qty": 2624}, {"price": 2507, "isBuy": true, "qty": 2624}, {"price": 2505, "isBuy": true, "qty": 491}], "symbol": "FLI", "venue": "RPDBEX", "ts": "2016-04-28T06:24:49.422424194Z"}, {"ok": true, "asks": [{"price": 2577, "isBuy": false, "qty": 499}, {"price": 2607, "isBuy": false, "qty": 7138}, {"price": 2616, "isBuy": false, "qty": 507}, {"price": 2619, "isBuy": false, "qty": 7375}, {"price": 2631, "isBuy": false, "qty": 7375}], "bids": [{"price": 2531, "isBuy": true, "qty": 2624}, {"price": 2519, "isBuy": true, "qty": 2624}, {"price": 2507, "isBuy": true, "qty": 2624}, {"price": 2505, "isBuy": true, "qty": 491}], "symbol": "FLI", "venue": "RPDBEX", "ts": "2016-04-28T06:24:49.618090284Z"}, {"ok": true, "asks": [{"price": 2554, "isBuy": false, "qty": 507}, {"price": 2616, "isBuy": false, "qty": 507}], "bids": [{"price": 2482, "isBuy": true, "qty": 2703}, {"price": 2470, "isBuy": true, "qty": 2703}, {"price": 2458, "isBuy": true, "qty": 2703}], "symbol": "FLI", "venue": "RPDBEX", "ts": "2016-04-28T06:24:53.012466792Z"}, {"ok": true, "asks": [{"price": 2554, "isBuy": false, "qty": 507}, {"price": 2616, "isBuy": false, "qty": 507}], "bids": [{"price": 2482, "isBuy": true, "qty": 2703}, {"price": 2470, "isBuy": true, "qty": 2703}, {"price": 2458, "isBuy": true, "qty": 2703}], "symbol": "FLI", "venue": "RPDBEX", "ts": "2016-04-28T06:24:53.259432794Z"}, {"ok": true, "asks": [{"price": 2554, "isBuy": false, "qty": 507}, {"price": 2616, "isBuy": false, "qty": 507}], "bids": [{"price": 2482, "isBuy": true, "qty": 2703}, {"price": 2470, "isBuy": true, "qty": 2703}, {"price": 2458, "isBuy": true, "qty": 2703}], "symbol": "FLI", "venue": "RPDBEX", "ts": "2016-04-28T06:24:53.447641839Z"}, {"ok": true, "asks": [{"price": 2485, "isBuy": false, "qty": 621}, {"price": 2524, "isBuy": false, "qty": 428}, {"price": 2563, "isBuy": false, "qty": 538}, {"price": 2601, "isBuy": false, "qty": 7456}, {"price": 2613, "isBuy": false, "qty": 7456}, {"price": 2616, "isBuy": false, "qty": 286}, {"price": 2625, "isBuy": false, "qty": 7456}], "bids": [{"price": 2467, "isBuy": true, "qty": 2543}, {"price": 2455, "isBuy": true, "qty": 2543}, {"price": 2443, "isBuy": true, "qty": 2543}], "symbol": "FLI", "venue": "RPDBEX", "ts": "2016-04-28T06:24:57.05985151Z"}, {"ok": true, "asks": [{"price": 2616, "isBuy": false, "qty": 286}], "bids": [{"price": 2467, "isBuy": true, "qty": 2599}, {"price": 2455, "isBuy": true, "qty": 2599}, {"price": 2443, "isBuy": true, "qty": 2599}], "symbol": "FLI", "venue": "RPDBEX", "ts": "2016-04-28T06:24:57.362500514Z"}, {"ok": true, "asks": [{"price": 2563, "isBuy": false, "qty": 385}, {"price": 2616, "isBuy": false, "qty": 286}], "bids": [{"price": 2519, "isBuy": true, "qty": 250}, {"price": 2467, "isBuy": true, "qty": 2599}, {"price": 2455, "isBuy": true, "qty": 2599}, {"price": 2443, "isBuy": true, "qty": 2599}], "symbol": "FLI", "venue": "RPDBEX", "ts": "2016-04-28T06:24:59.426537604Z"}, {"ok": true, "asks": [{"price": 2563, "isBuy": false, "qty": 385}, {"price": 2616, "isBuy": false, "qty": 286}], "bids": [{"price": 2519, "isBuy": true, "qty": 250}, {"price": 2516, "isBuy": true, "qty": 614}, {"price": 2467, "isBuy": true, "qty": 2599}, {"price": 2455, "isBuy": true, "qty": 2599}, {"price": 2443, "isBuy": true, "qty": 2599}], "symbol": "FLI", "venue": "RPDBEX", "ts": "2016-04-28T06:25:01.358041472Z"}, {"ok": true, "asks": [{"price": 2563, "isBuy": false, "qty": 385}, {"price": 2616, "isBuy": false, "qty": 286}], "bids": [{"price": 2519, "isBuy": true, "qty": 250}, {"price": 2516, "isBuy": true, "qty": 614}, {"price": 2467, "isBuy": true, "qty": 2599}, {"price": 2455, "isBuy": true, "qty": 2599}, {"price": 2443, "isBuy": true, "qty": 2599}], "symbol": "FLI", "venue": "RPDBEX", "ts": "2016-04-28T06:25:01.665531334Z"}, {"ok": true, "asks": [{"price": 2563, "isBuy": false, "qty": 385}, {"price": 2616, "isBuy": false, "qty": 286}], "bids": [{"price": 2519, "isBuy": true, "qty": 250}, {"price": 2516, "isBuy": true, "qty": 614}, {"price": 2467, "isBuy": true, "qty": 2599}, {"price": 2455, "isBuy": true, "qty": 2599}, {"price": 2443, "isBuy": true, "qty": 2599}], "symbol": "FLI", "venue": "RPDBEX", "ts": "2016-04-28T06:25:01.931780931Z"}, {"ok": true, "asks": null, "bids": [{"price": 2571, "isBuy": true, "qty": 139}, {"price": 2568, "isBuy": true, "qty": 647}, {"price": 2550, "isBuy": true, "qty": 479}, {"price": 2463, "isBuy": true, "qty": 2683}, {"price": 2451, "isBuy": true, "qty": 2683}, {"price": 2439, "isBuy": true, "qty": 2683}], "symbol": "FLI", "venue": "RPDBEX", "ts": "2016-04-28T06:25:06.256834115Z"}, {"ok": true, "asks": [{"price": 3456, "isBuy": false, "qty": 7316}, {"price": 3473, "isBuy": false, "qty": 7316}, {"price": 3490, "isBuy": false, "qty": 7316}], "bids": [{"price": 3439, "isBuy": true, "qty": 59233}, {"price": 2472, "isBuy": true, "qty": 2683}, {"price": 2460, "isBuy": true, "qty": 2683}, {"price": 2448, "isBuy": true, "qty": 2683}], "symbol": "FLI", "venue": "RPDBEX", "ts": "2016-04-28T06:25:08.3649714Z"}, {"ok": true, "asks": [{"price": 3456, "isBuy": false, "qty": 7316}, {"price": 3473, "isBuy": false, "qty": 7316}, {"price": 3490, "isBuy": false, "qty": 7316}], "bids": [{"price": 3439, "isBuy": true, "qty": 58944}, {"price": 2521, "isBuy": true, "qty": 710}, {"price": 2472, "isBuy": true, "qty": 2683}, {"price": 2460, "isBuy": true, "qty": 2683}, {"price": 2448, "isBuy": true, "qty": 2683}], "symbol": "FLI", "venue": "RPDBEX", "ts": "2016-04-28T06:25:11.430425937Z"}, {"ok": true, "asks": [{"price": 3403, "isBuy": false, "qty": 499}], "bids": [{"price": 2571, "isBuy": true, "qty": 499}, {"price": 2475, "isBuy": true, "qty": 2762}, {"price": 2463, "isBuy": true, "qty": 2762}, {"price": 2451, "isBuy": true, "qty": 2762}], "symbol": "FLI", "venue": "RPDBEX", "ts": "2016-04-28T06:25:13.889729575Z"}, {"ok": true, "asks": [{"price": 3403, "isBuy": false, "qty": 499}], "bids": [{"price": 2571, "isBuy": true, "qty": 499}, {"price": 2524, "isBuy": true, "qty": 499}, {"price": 2475, "isBuy": true, "qty": 2762}, {"price": 2463, "isBuy": true, "qty": 2762}, {"price": 2451, "isBuy": true, "qty": 2762}], "symbol": "FLI", "venue": "RPDBEX", "ts": "2016-04-28T06:25:16.149830749Z"}, {"ok": true, "asks": [{"price": 3403, "isBuy": false, "qty": 499}], "bids": [{"price": 2571, "isBuy": true, "qty": 499}, {"price": 2524, "isBuy": true, "qty": 499}, {"price": 2475, "isBuy": true, "qty": 2762}, {"price": 2463, "isBuy": true, "qty": 2762}, {"price": 2451, "isBuy": true, "qty": 2762}], "symbol": "FLI", "venue": "RPDBEX", "ts": "2016-04-28T06:25:16.342890317Z"}, {"ok": true, "asks": [{"price": 2501, "isBuy": false, "qty": 5114}, {"price": 2513, "isBuy": false, "qty": 5114}, {"price": 2525, "isBuy": false, "qty": 5114}, {"price": 2631, "isBuy": false, "qty": 668}, {"price": 3366, "isBuy": false, "qty": 149177}], "bids": null, "symbol": "FLI", "venue": "RPDBEX", "ts": "2016-04-28T06:25:17.23049456Z"}, {"ok": true, "asks": [{"price": 2501, "isBuy": false, "qty": 5114}, {"price": 2513, "isBuy": false, "qty": 5114}, {"price": 2525, "isBuy": false, "qty": 5114}, {"price": 2631, "isBuy": false, "qty": 668}, {"price": 3366, "isBuy": false, "qty": 149177}], "bids": null, "symbol": "FLI", "venue": "RPDBEX", "ts": "2016-04-28T06:25:20.225468273Z"}, {"ok": true, "asks": [{"price": 2496, "isBuy": false, "qty": 56}, {"price": 2508, "isBuy": false, "qty": 4524}, {"price": 2520, "isBuy": false, "qty": 4524}], "bids": [{"price": 2472, "isBuy": true, "qty": 5475}, {"price": 2460, "isBuy": true, "qty": 4916}, {"price": 2448, "isBuy": true, "qty": 4916}], "symbol": "FLI", "venue": "RPDBEX", "ts": "2016-04-28T06:25:24.076879047Z"}, {"ok": true, "asks": [{"price": 2566, "isBuy": false, "qty": 4260}, {"price": 2578, "isBuy": false, "qty": 4260}, {"price": 2590, "isBuy": false, "qty": 4260}], "bids": null, "symbol": "FLI", "venue": "RPDBEX", "ts": "2016-04-28T06:25:27.769722245Z"}, {"ok": true, "asks": [{"price": 2566, "isBuy": false, "qty": 4260}, {"price": 2578, "isBuy": false, "qty": 4260}, {"price": 2590, "isBuy": false, "qty": 4260}], "bids": null, "symbol": "FLI", "venue": "RPDBEX", "ts": "2016-04-28T06:25:31.206091859Z"}, {"ok": true, "asks": [{"price": 2691, "isBuy": false, "qty": 4180}, {"price": 2704, "isBuy": false, "qty": 4180}, {"price": 2717, "isBuy": false, "qty": 4180}], "bids": null, "symbol": "FLI", "venue": "RPDBEX", "ts": "2016-04-28T06:25:34.823298237Z"}, {"ok": true, "asks": [{"price": 2567, "isBuy": false, "qty": 4180}, {"price": 2579, "isBuy": false, "qty": 4180}, {"price": 2591, "isBuy": false, "qty": 4180}], "bids": [{"price": 2428, "isBuy": true, "qty": 704}, {"price": 2392, "isBuy": true, "qty": 5602}, {"price": 2380, "isBuy": true, "qty": 5602}, {"price": 2368, "isBuy": true, "qty": 5602}], "symbol": "FLI", "venue": "RPDBEX", "ts": "2016-04-28T06:25:38.824217973Z"}, {"ok": true, "asks": [{"price": 2634, "isBuy": false, "qty": 4517}, {"price": 2647, "isBuy": false, "qty": 4517}, {"price": 2660, "isBuy": false, "qty": 4517}], "bids": null, "symbol": "FLI", "venue": "RPDBEX", "ts": "2016-04-28T06:25:42.172766288Z"}, {"ok": true, "asks": [{"price": 2634, "isBuy": false, "qty": 4517}, {"price": 2647, "isBuy": false, "qty": 4517}, {"price": 2660, "isBuy": false, "qty": 4517}], "bids": null, "symbol": "FLI", "venue": "RPDBEX", "ts": "2016-04-28T06:25:45.888934597Z"}, {"ok": true, "asks": [{"price": 2604, "isBuy": false, "qty": 661}, {"price": 2665, "isBuy": false, "qty": 4550}, {"price": 2678, "isBuy": false, "qty": 4550}, {"price": 2691, "isBuy": false, "qty": 4550}], "bids": null, "symbol": "FLI", "venue": "RPDBEX", "ts": "2016-04-28T06:25:49.579053005Z"}, {"ok": true, "asks": null, "bids": [{"price": 2515, "isBuy": true, "qty": 789}, {"price": 2479, "isBuy": true, "qty": 5279}, {"price": 2467, "isBuy": true, "qty": 5279}, {"price": 2455, "isBuy": true, "qty": 5279}], "symbol": "FLI", "venue": "RPDBEX", "ts": "2016-04-28T06:25:54.037022966Z"}, {"ok": true, "asks": [{"price": 2527, "isBuy": false, "qty": 4720}, {"price": 2539, "isBuy": false, "qty": 4720}, {"price": 2551, "isBuy": false, "qty": 4720}], "bids": [{"price": 2515, "isBuy": true, "qty": 789}, {"price": 2480, "isBuy": true, "qty": 5279}, {"price": 2468, "isBuy": true, "qty": 5279}], "symbol": "FLI", "venue": "RPDBEX", "ts": "2016-04-28T06:25:57.09430904Z"}, {"ok": true, "asks": null, "bids": [{"price": 2547, "isBuy": true, "qty": 583}, {"price": 2492, "isBuy": true, "qty": 5513}, {"price": 2480, "isBuy": true, "qty": 5513}, {"price": 2468, "isBuy": true, "qty": 5513}], "symbol": "FLI", "venue": "RPDBEX", "ts": "2016-04-28T06:26:01.052670947Z"}, {"ok": true, "asks": null, "bids": [{"price": 2451, "isBuy": true, "qty": 5762}, {"price": 2439, "isBuy": true, "qty": 5762}, {"price": 2427, "isBuy": true, "qty": 5762}], "symbol": "FLI", "venue": "RPDBEX", "ts": "2016-04-28T06:26:04.98753843Z"}, {"ok": true, "asks": [{"price": 1490, "isBuy": false, "qty": 580150}, {"price": 3589, "isBuy": false, "qty": 5306}, {"price": 3606, "isBuy": false, "qty": 5306}, {"price": 3623, "isBuy": false, "qty": 5306}], "bids": null, "symbol": "FLI", "venue": "RPDBEX", "ts": "2016-04-28T06:26:17.442469109Z"}, {"ok": true, "asks": [{"price": 1490, "isBuy": false, "qty": 580150}, {"price": 3517, "isBuy": false, "qty": 998}, {"price": 3589, "isBuy": false, "qty": 5306}, {"price": 3606, "isBuy": false, "qty": 5306}, {"price": 3623, "isBuy": false, "qty": 5306}], "bids": null, "symbol": "FLI", "venue": "RPDBEX", "ts": "2016-04-28T06:26:20.232442421Z"}, {"ok": true, "asks": [{"price": 1490, "isBuy": false, "qty": 580150}, {"price": 3517, "isBuy": false, "qty": 998}, {"price": 3589, "isBuy": false, "qty": 5306}, {"price": 3606, "isBuy": false, "qty": 5306}, {"price": 3623, "isBuy": false, "qty": 5306}], "bids": null, "symbol": "FLI", "venue": "RPDBEX", "ts": "2016-04-28T06:26:21.180546929Z"}, {"ok": true, "asks": [{"price": 2567, "isBuy": false, "qty": 6421}, {"price": 2579, "isBuy": false, "qty": 6714}, {"price": 2591, "isBuy": false, "qty": 6714}, {"price": 3446, "isBuy": false, "qty": 998}, {"price": 3517, "isBuy": false, "qty": 998}], "bids": [{"price": 2543, "isBuy": true, "qty": 3285}, {"price": 2531, "isBuy": true, "qty": 3285}, {"price": 2519, "isBuy": true, "qty": 3285}], "symbol": "FLI", "venue": "RPDBEX", "ts": "2016-04-28T06:26:22.417884055Z"}, {"ok": true, "asks": [{"price": 2567, "isBuy": false, "qty": 6421}, {"price": 2579, "isBuy": false, "qty": 6714}, {"price": 2591, "isBuy": false, "qty": 6714}, {"price": 3446, "isBuy": false, "qty": 998}, {"price": 3517, "isBuy": false, "qty": 998}], "bids": [{"price": 2543, "isBuy": true, "qty": 3285}, {"price": 2531, "isBuy": true, "qty": 3285}, {"price": 2519, "isBuy": true, "qty": 3285}], "symbol": "FLI", "venue": "RPDBEX", "ts": "2016-04-28T06:26:24.532377044Z"}, {"ok": true, "asks": [{"price": 2567, "isBuy": false, "qty": 6421}, {"price": 2579, "isBuy": false, "qty": 6714}, {"price": 2591, "isBuy": false, "qty": 6714}, {"price": 3446, "isBuy": false, "qty": 998}, {"price": 3517, "isBuy": false, "qty": 998}], "bids": [{"price": 2543, "isBuy": true, "qty": 3285}, {"price": 2531, "isBuy": true, "qty": 3285}, {"price": 2519, "isBuy": true, "qty": 3285}], "symbol": "FLI", "venue": "RPDBEX", "ts": "2016-04-28T06:26:24.908965137Z"}, {"ok": true, "asks": [{"price": 2567, "isBuy": false, "qty": 6421}, {"price": 2579, "isBuy": false, "qty": 6714}, {"price": 2591, "isBuy": false, "qty": 6714}, {"price": 3446, "isBuy": false, "qty": 998}], "bids": [{"price": 2543, "isBuy": true, "qty": 3285}, {"price": 2531, "isBuy": true, "qty": 3285}, {"price": 2519, "isBuy": true, "qty": 3285}], "symbol": "FLI", "venue": "RPDBEX", "ts": "2016-04-28T06:26:25.511616027Z"}, {"ok": true, "asks": [{"price": 2605, "isBuy": false, "qty": 6429}, {"price": 2617, "isBuy": false, "qty": 6429}, {"price": 2629, "isBuy": false, "qty": 6429}], "bids": [{"price": 2593, "isBuy": true, "qty": 512}, {"price": 2571, "isBuy": true, "qty": 3570}, {"price": 2559, "isBuy": true, "qty": 3570}, {"price": 2547, "isBuy": true, "qty": 3570}], "symbol": "FLI", "venue": "RPDBEX", "ts": "2016-04-28T06:26:27.276897092Z"}, {"ok": true, "asks": [{"price": 2605, "isBuy": false, "qty": 6429}, {"price": 2617, "isBuy": false, "qty": 6429}, {"price": 2629, "isBuy": false, "qty": 6429}], "bids": [{"price": 2593, "isBuy": true, "qty": 512}, {"price": 2571, "isBuy": true, "qty": 3570}, {"price": 2559, "isBuy": true, "qty": 3570}, {"price": 2547, "isBuy": true, "qty": 3570}], "symbol": "FLI", "venue": "RPDBEX", "ts": "2016-04-28T06:26:30.828813587Z"}, {"ok": true, "asks": null, "bids": [{"price": 2450, "isBuy": true, "qty": 3284}, {"price": 2438, "isBuy": true, "qty": 3284}, {"price": 2426, "isBuy": true, "qty": 3284}], "symbol": "FLI", "venue": "RPDBEX", "ts": "2016-04-28T06:26:34.471041702Z"}, {"ok": true, "asks": [{"price": 2519, "isBuy": false, "qty": 6589}, {"price": 2531, "isBuy": false, "qty": 6589}, {"price": 2543, "isBuy": false, "qty": 6589}], "bids": [{"price": 2495, "isBuy": true, "qty": 3284}, {"price": 2483, "isBuy": true, "qty": 3284}, {"price": 2471, "isBuy": true, "qty": 3284}], "symbol": "FLI", "venue": "RPDBEX", "ts": "2016-04-28T06:26:38.573941767Z"}, {"ok": true, "asks": [{"price": 2507, "isBuy": false, "qty": 6293}], "bids": [{"price": 2483, "isBuy": true, "qty": 156}, {"price": 2471, "isBuy": true, "qty": 156}, {"price": 2459, "isBuy": true, "qty": 3440}], "symbol": "FLI", "venue": "RPDBEX", "ts": "2016-04-28T06:26:43.261718761Z"}, {"ok": true, "asks": [{"price": 2507, "isBuy": false, "qty": 6293}], "bids": [{"price": 2483, "isBuy": true, "qty": 156}, {"price": 2471, "isBuy": true, "qty": 156}, {"price": 2459, "isBuy": true, "qty": 3440}], "symbol": "FLI", "venue": "RPDBEX", "ts": "2016-04-28T06:26:46.18336154Z"}, {"ok": true, "asks": [{"price": 2542, "isBuy": false, "qty": 6163}, {"price": 2554, "isBuy": false, "qty": 6163}, {"price": 2566, "isBuy": false, "qty": 6163}], "bids": null, "symbol": "FLI", "venue": "RPDBEX", "ts": "2016-04-28T06:26:49.877722984Z"}, {"ok": true, "asks": [{"price": 2432, "isBuy": false, "qty": 876}, {"price": 2461, "isBuy": false, "qty": 6013}, {"price": 2473, "isBuy": false, "qty": 6013}, {"price": 2485, "isBuy": false, "qty": 6013}, {"price": 2502, "isBuy": false, "qty": 998}], "bids": [{"price": 2420, "isBuy": true, "qty": 3987}, {"price": 2408, "isBuy": true, "qty": 3987}, {"price": 2396, "isBuy": true, "qty": 3987}], "symbol": "FLI", "venue": "RPDBEX", "ts": "2016-04-28T06:26:53.938264257Z"}, {"ok": true, "asks": [{"price": 2482, "isBuy": false, "qty": 5867}, {"price": 2494, "isBuy": false, "qty": 5887}, {"price": 2502, "isBuy": false, "qty": 998}, {"price": 2506, "isBuy": false, "qty": 5887}], "bids": null, "symbol": "FLI", "venue": "RPDBEX", "ts": "2016-04-28T06:26:58.669256077Z"}, {"ok": true, "asks": [{"price": 2482, "isBuy": false, "qty": 5867}, {"price": 2494, "isBuy": false, "qty": 5887}, {"price": 2502, "isBuy": false, "qty": 998}, {"price": 2506, "isBuy": false, "qty": 5887}], "bids": null, "symbol": "FLI", "venue": "RPDBEX", "ts": "2016-04-28T06:26:59.904933109Z"}, {"ok": true, "asks": [{"price": 2482, "isBuy": false, "qty": 5867}, {"price": 2494, "isBuy": false, "qty": 5887}, {"price": 2502, "isBuy": false, "qty": 998}, {"price": 2506, "isBuy": false, "qty": 5887}], "bids": null, "symbol": "FLI", "venue": "RPDBEX", "ts": "2016-04-28T06:27:00.386608343Z"}, {"ok": true, "asks": [{"price": 2685, "isBuy": false, "qty": 6112}, {"price": 2698, "isBuy": false, "qty": 6112}, {"price": 2711, "isBuy": false, "qty": 6112}], "bids": null, "symbol": "FLI", "venue": "RPDBEX", "ts": "2016-04-28T06:27:02.224240461Z"}, {"ok": true, "asks": [{"price": 2644, "isBuy": false, "qty": 499}, {"price": 2685, "isBuy": false, "qty": 6112}, {"price": 2698, "isBuy": false, "qty": 6112}, {"price": 2711, "isBuy": false, "qty": 6112}], "bids": null, "symbol": "FLI", "venue": "RPDBEX", "ts": "2016-04-28T06:27:06.885697438Z"}, {"ok": true, "asks": [{"price": 2677, "isBuy": false, "qty": 6211}, {"price": 2690, "isBuy": false, "qty": 6211}, {"price": 2703, "isBuy": false, "qty": 6211}], "bids": [{"price": 2638, "isBuy": true, "qty": 3265}, {"price": 2625, "isBuy": true, "qty": 3265}], "symbol": "FLI", "venue": "RPDBEX", "ts": "2016-04-28T06:27:07.395386634Z"}, {"ok": true, "asks": [{"price": 2677, "isBuy": false, "qty": 6211}, {"price": 2690, "isBuy": false, "qty": 6211}, {"price": 2703, "isBuy": false, "qty": 6211}], "bids": [{"price": 2638, "isBuy": true, "qty": 3015}, {"price": 2625, "isBuy": true, "qty": 3265}], "symbol": "FLI", "venue": "RPDBEX", "ts": "2016-04-28T06:27:09.306937992Z"}, {"ok": true, "asks": [{"price": 2677, "isBuy": false, "qty": 6211}, {"price": 2690, "isBuy": false, "qty": 6211}, {"price": 2703, "isBuy": false, "qty": 6211}], "bids": [{"price": 2638, "isBuy": true, "qty": 3015}, {"price": 2625, "isBuy": true, "qty": 3265}], "symbol": "FLI", "venue": "RPDBEX", "ts": "2016-04-28T06:27:11.578824088Z"}, {"ok": true, "asks": null, "bids": [{"price": 2584, "isBuy": true, "qty": 31}, {"price": 2572, "isBuy": true, "qty": 2728}, {"price": 2560, "isBuy": true, "qty": 2728}], "symbol": "FLI", "venue": "RPDBEX", "ts": "2016-04-28T06:27:15.678017264Z"}, {"ok": true, "asks": null, "bids": [{"price": 2556, "isBuy": true, "qty": 2672}, {"price": 2544, "isBuy": true, "qty": 2672}, {"price": 2532, "isBuy": true, "qty": 2672}], "symbol": "FLI", "venue": "RPDBEX", "ts": "2016-04-28T06:27:19.200106562Z"}, {"ok": true, "asks": null, "bids": [{"price": 2594, "isBuy": true, "qty": 874}, {"price": 2490, "isBuy": true, "qty": 2663}, {"price": 2478, "isBuy": true, "qty": 2663}, {"price": 2466, "isBuy": true, "qty": 2663}], "symbol": "FLI", "venue": "RPDBEX", "ts": "2016-04-28T06:27:23.335495882Z"}, {"ok": true, "asks": null, "bids": [{"price": 2594, "isBuy": true, "qty": 874}, {"price": 2539, "isBuy": true, "qty": 437}, {"price": 2490, "isBuy": true, "qty": 2663}, {"price": 2478, "isBuy": true, "qty": 2663}, {"price": 2466, "isBuy": true, "qty": 2663}], "symbol": "FLI", "venue": "RPDBEX", "ts": "2016-04-28T06:27:26.654655224Z"}, {"ok": true, "asks": [{"price": 2689, "isBuy": false, "qty": 832}, {"price": 2730, "isBuy": false, "qty": 7329}, {"price": 2743, "isBuy": false, "qty": 7329}, {"price": 2756, "isBuy": false, "qty": 7329}], "bids": null, "symbol": "FLI", "venue": "RPDBEX", "ts": "2016-04-28T06:27:30.443660492Z"}, {"ok": true, "asks": [{"price": 2519, "isBuy": false, "qty": 6677}, {"price": 2531, "isBuy": false, "qty": 7453}, {"price": 2543, "isBuy": false, "qty": 7282}, {"price": 2675, "isBuy": false, "qty": 780}], "bids": [{"price": 2495, "isBuy": true, "qty": 2546}, {"price": 2492, "isBuy": true, "qty": 358}, {"price": 2483, "isBuy": true, "qty": 2546}, {"price": 2471, "isBuy": true, "qty": 2546}], "symbol": "FLI", "venue": "RPDBEX", "ts": "2016-04-28T06:27:33.159269748Z"}, {"ok": true, "asks": [{"price": 2519, "isBuy": false, "qty": 6677}, {"price": 2531, "isBuy": false, "qty": 7453}, {"price": 2543, "isBuy": false, "qty": 7282}, {"price": 2675, "isBuy": false, "qty": 780}], "bids": [{"price": 2495, "isBuy": true, "qty": 2546}, {"price": 2492, "isBuy": true, "qty": 358}, {"price": 2483, "isBuy": true, "qty": 2546}, {"price": 2471, "isBuy": true, "qty": 2546}], "symbol": "FLI", "venue": "RPDBEX", "ts": "2016-04-28T06:27:34.33718301Z"}, {"ok": true, "asks": [{"price": 2519, "isBuy": false, "qty": 6677}, {"price": 2531, "isBuy": false, "qty": 7453}, {"price": 2543, "isBuy": false, "qty": 7282}, {"price": 2675, "isBuy": false, "qty": 780}], "bids": [{"price": 2495, "isBuy": true, "qty": 2546}, {"price": 2492, "isBuy": true, "qty": 358}, {"price": 2483, "isBuy": true, "qty": 2546}, {"price": 2471, "isBuy": true, "qty": 2546}], "symbol": "FLI", "venue": "RPDBEX", "ts": "2016-04-28T06:27:35.51671657Z"}, {"ok": true, "asks": [{"price": 2508, "isBuy": false, "qty": 8102}, {"price": 2520, "isBuy": false, "qty": 8102}, {"price": 2532, "isBuy": false, "qty": 8102}, {"price": 2675, "isBuy": false, "qty": 780}], "bids": [{"price": 2484, "isBuy": true, "qty": 1897}, {"price": 2472, "isBuy": true, "qty": 1897}, {"price": 2460, "isBuy": true, "qty": 1897}, {"price": 1565, "isBuy": true, "qty": 197592}], "symbol": "FLI", "venue": "RPDBEX", "ts": "2016-04-28T06:27:38.179306562Z"}, {"ok": true, "asks": [{"price": 2508, "isBuy": false, "qty": 8102}, {"price": 2520, "isBuy": false, "qty": 8102}, {"price": 2532, "isBuy": false, "qty": 8102}, {"price": 2675, "isBuy": false, "qty": 780}], "bids": [{"price": 2484, "isBuy": true, "qty": 1897}, {"price": 2472, "isBuy": true, "qty": 1897}, {"price": 2460, "isBuy": true, "qty": 1897}, {"price": 1565, "isBuy": true, "qty": 197592}], "symbol": "FLI", "venue": "RPDBEX", "ts": "2016-04-28T06:27:39.210061355Z"}, {"ok": true, "asks": [{"price": 2596, "isBuy": false, "qty": 7932}, {"price": 2608, "isBuy": false, "qty": 7932}, {"price": 2620, "isBuy": false, "qty": 7932}, {"price": 2675, "isBuy": false, "qty": 780}], "bids": null, "symbol": "FLI", "venue": "RPDBEX", "ts": "2016-04-28T06:27:42.498430139Z"}, {"ok": true, "asks": [{"price": 2469, "isBuy": false, "qty": 390}, {"price": 2596, "isBuy": false, "qty": 7932}, {"price": 2608, "isBuy": false, "qty": 7932}, {"price": 2620, "isBuy": false, "qty": 7932}, {"price": 2675, "isBuy": false, "qty": 780}], "bids": null, "symbol": "FLI", "venue": "RPDBEX", "ts": "2016-04-28T06:27:44.441265113Z"}, {"ok": true, "asks": [{"price": 2469, "isBuy": false, "qty": 390}, {"price": 2596, "isBuy": false, "qty": 7932}, {"price": 2608, "isBuy": false, "qty": 7932}, {"price": 2620, "isBuy": false, "qty": 7932}, {"price": 2675, "isBuy": false, "qty": 780}], "bids": null, "symbol": "FLI", "venue": "RPDBEX", "ts": "2016-04-28T06:27:46.743500249Z"}, {"ok": true, "asks": [{"price": 2675, "isBuy": false, "qty": 780}], "bids": [{"price": 2484, "isBuy": true, "qty": 2131}, {"price": 2472, "isBuy": true, "qty": 2131}, {"price": 2460, "isBuy": true, "qty": 2131}], "symbol": "FLI", "venue": "RPDBEX", "ts": "2016-04-28T06:27:47.303802606Z"}, {"ok": true, "asks": [{"price": 2675, "isBuy": false, "qty": 780}], "bids": [{"price": 2484, "isBuy": true, "qty": 2131}, {"price": 2472, "isBuy": true, "qty": 2131}, {"price": 2460, "isBuy": true, "qty": 2131}], "symbol": "FLI", "venue": "RPDBEX", "ts": "2016-04-28T06:27:48.454577905Z"}, {"ok": true, "asks": [{"price": 2675, "isBuy": false, "qty": 780}], "bids": [{"price": 2521, "isBuy": true, "qty": 413}, {"price": 2484, "isBuy": true, "qty": 2131}, {"price": 2472, "isBuy": true, "qty": 2131}, {"price": 2460, "isBuy": true, "qty": 2131}], "symbol": "FLI", "venue": "RPDBEX", "ts": "2016-04-28T06:27:51.896937754Z"}, {"ok": true, "asks": null, "bids": [{"price": 2643, "isBuy": true, "qty": 617}, {"price": 2609, "isBuy": true, "qty": 2053}, {"price": 2596, "isBuy": true, "qty": 2053}, {"price": 2583, "isBuy": true, "qty": 385}, {"price": 2583, "isBuy": true, "qty": 2053}, {"price": 2521, "isBuy": true, "qty": 413}], "symbol": "FLI", "venue": "RPDBEX", "ts": "2016-04-28T06:27:55.223420167Z"}, {"ok": true, "asks": null, "bids": [{"price": 2643, "isBuy": true, "qty": 617}, {"price": 2609, "isBuy": true, "qty": 2053}, {"price": 2596, "isBuy": true, "qty": 2053}, {"price": 2583, "isBuy": true, "qty": 385}, {"price": 2583, "isBuy": true, "qty": 2053}, {"price": 2521, "isBuy": true, "qty": 413}], "symbol": "FLI", "venue": "RPDBEX", "ts": "2016-04-28T06:27:55.338399526Z"}, {"ok": true, "asks": null, "bids": [{"price": 2643, "isBuy": true, "qty": 617}, {"price": 2609, "isBuy": true, "qty": 2053}, {"price": 2596, "isBuy": true, "qty": 2053}, {"price": 2583, "isBuy": true, "qty": 385}, {"price": 2583, "isBuy": true, "qty": 2053}, {"price": 2521, "isBuy": true, "qty": 413}], "symbol": "FLI", "venue": "RPDBEX", "ts": "2016-04-28T06:27:56.960418054Z"}, {"ok": true, "asks": null, "bids": [{"price": 2503, "isBuy": true, "qty": 1969}, {"price": 2491, "isBuy": true, "qty": 1969}, {"price": 2479, "isBuy": true, "qty": 1969}], "symbol": "FLI", "venue": "RPDBEX", "ts": "2016-04-28T06:27:59.859922914Z"}, {"ok": true, "asks": null, "bids": [{"price": 2540, "isBuy": true, "qty": 597}, {"price": 2464, "isBuy": true, "qty": 1877}, {"price": 2452, "isBuy": true, "qty": 1877}, {"price": 2440, "isBuy": true, "qty": 1877}], "symbol": "FLI", "venue": "RPDBEX", "ts": "2016-04-28T06:28:05.160624297Z"}, {"ok": true, "asks": [{"price": 2692, "isBuy": false, "qty": 8122}, {"price": 2705, "isBuy": false, "qty": 8122}, {"price": 2718, "isBuy": false, "qty": 8122}], "bids": [{"price": 2666, "isBuy": true, "qty": 1177}, {"price": 2653, "isBuy": true, "qty": 1877}, {"price": 2640, "isBuy": true, "qty": 1877}], "symbol": "FLI", "venue": "RPDBEX", "ts": "2016-04-28T06:28:07.56364659Z"}, {"ok": true, "asks": [{"price": 2692, "isBuy": false, "qty": 8122}, {"price": 2705, "isBuy": false, "qty": 8122}, {"price": 2718, "isBuy": false, "qty": 8122}], "bids": [{"price": 2666, "isBuy": true, "qty": 1177}, {"price": 2653, "isBuy": true, "qty": 1877}, {"price": 2640, "isBuy": true, "qty": 1877}], "symbol": "FLI", "venue": "RPDBEX", "ts": "2016-04-28T06:28:07.853951617Z"}, {"ok": true, "asks": [{"price": 2692, "isBuy": false, "qty": 8122}, {"price": 2705, "isBuy": false, "qty": 8122}, {"price": 2718, "isBuy": false, "qty": 8122}], "bids": [{"price": 2666, "isBuy": true, "qty": 1177}, {"price": 2653, "isBuy": true, "qty": 1877}, {"price": 2640, "isBuy": true, "qty": 1877}], "symbol": "FLI", "venue": "RPDBEX", "ts": "2016-04-28T06:28:08.744466069Z"}, {"ok": true, "asks": null, "bids": [{"price": 2537, "isBuy": true, "qty": 1301}, {"price": 2525, "isBuy": true, "qty": 1301}, {"price": 2513, "isBuy": true, "qty": 1301}], "symbol": "FLI", "venue": "RPDBEX", "ts": "2016-04-28T06:28:18.685496634Z"}, {"ok": true, "asks": [{"price": 2562, "isBuy": false, "qty": 155}, {"price": 2563, "isBuy": false, "qty": 978}, {"price": 2611, "isBuy": false, "qty": 8674}, {"price": 2623, "isBuy": false, "qty": 8674}, {"price": 2635, "isBuy": false, "qty": 8674}], "bids": [{"price": 2550, "isBuy": true, "qty": 1325}, {"price": 2538, "isBuy": true, "qty": 1325}, {"price": 2526, "isBuy": true, "qty": 1325}], "symbol": "FLI", "venue": "RPDBEX", "ts": "2016-04-28T06:28:20.583312884Z"}, {"ok": true, "asks": [{"price": 2511, "isBuy": false, "qty": 425}], "bids": [{"price": 2497, "isBuy": true, "qty": 1177}, {"price": 2485, "isBuy": true, "qty": 1177}, {"price": 2473, "isBuy": true, "qty": 1177}], "symbol": "FLI", "venue": "RPDBEX", "ts": "2016-04-28T06:28:24.864838633Z"}, {"ok": true, "asks": [{"price": 2511, "isBuy": false, "qty": 425}], "bids": [{"price": 2497, "isBuy": true, "qty": 1177}, {"price": 2485, "isBuy": true, "qty": 1177}, {"price": 2473, "isBuy": true, "qty": 1177}], "symbol": "FLI", "venue": "RPDBEX", "ts": "2016-04-28T06:28:26.513049183Z"}, {"ok": true, "asks": [{"price": 2572, "isBuy": false, "qty": 8825}, {"price": 2584, "isBuy": false, "qty": 8825}, {"price": 2596, "isBuy": false, "qty": 8825}], "bids": null, "symbol": "FLI", "venue": "RPDBEX", "ts": "2016-04-28T06:28:28.357427425Z"}, {"ok": true, "asks": [{"price": 2500, "isBuy": false, "qty": 909}, {"price": 2532, "isBuy": false, "qty": 712}, {"price": 2538, "isBuy": false, "qty": 8374}, {"price": 2550, "isBuy": false, "qty": 8374}, {"price": 2562, "isBuy": false, "qty": 8374}], "bids": [{"price": 2452, "isBuy": true, "qty": 1442}, {"price": 2440, "isBuy": true, "qty": 1442}, {"price": 2428, "isBuy": true, "qty": 1442}], "symbol": "FLI", "venue": "RPDBEX", "ts": "2016-04-28T06:28:35.318541346Z"}, {"ok": true, "asks": [{"price": 2481, "isBuy": false, "qty": 69}, {"price": 2700, "isBuy": false, "qty": 8466}, {"price": 2713, "isBuy": false, "qty": 8466}, {"price": 2726, "isBuy": false, "qty": 8466}], "bids": null, "symbol": "FLI", "venue": "RPDBEX", "ts": "2016-04-28T06:28:41.505646344Z"}, {"ok": true, "asks": [{"price": 1616, "isBuy": false, "qty": 625366}], "bids": null, "symbol": "FLI", "venue": "RPDBEX", "ts": "2016-04-28T06:28:42.531430117Z"}, {"ok": true, "asks": [{"price": 1616, "isBuy": false, "qty": 625366}, {"price": 2646, "isBuy": false, "qty": 321}], "bids": null, "symbol": "FLI", "venue": "RPDBEX", "ts": "2016-04-28T06:28:45.487427859Z"}, {"ok": true, "asks": [{"price": 2544, "isBuy": false, "qty": 8922}, {"price": 2556, "isBuy": false, "qty": 8922}, {"price": 2568, "isBuy": false, "qty": 8922}, {"price": 2646, "isBuy": false, "qty": 321}], "bids": null, "symbol": "FLI", "venue": "RPDBEX", "ts": "2016-04-28T06:28:47.32747779Z"}, {"ok": true, "asks": [{"price": 2544, "isBuy": false, "qty": 8922}, {"price": 2556, "isBuy": false, "qty": 8922}, {"price": 2568, "isBuy": false, "qty": 8922}, {"price": 2646, "isBuy": false, "qty": 321}], "bids": null, "symbol": "FLI", "venue": "RPDBEX", "ts": "2016-04-28T06:28:48.423367966Z"}, {"ok": true, "asks": [{"price": 2544, "isBuy": false, "qty": 8922}, {"price": 2556, "isBuy": false, "qty": 8922}, {"price": 2568, "isBuy": false, "qty": 8922}, {"price": 2646, "isBuy": false, "qty": 321}], "bids": null, "symbol": "FLI", "venue": "RPDBEX", "ts": "2016-04-28T06:28:51.435533588Z"}, {"ok": true, "asks": [{"price": 2544, "isBuy": false, "qty": 8922}, {"price": 2556, "isBuy": false, "qty": 8922}, {"price": 2568, "isBuy": false, "qty": 8922}, {"price": 2646, "isBuy": false, "qty": 321}], "bids": null, "symbol": "FLI", "venue": "RPDBEX", "ts": "2016-04-28T06:28:51.498272416Z"}, {"ok": true, "asks": [{"price": 2672, "isBuy": false, "qty": 8983}, {"price": 2685, "isBuy": false, "qty": 8983}, {"price": 2698, "isBuy": false, "qty": 8983}], "bids": [{"price": 2646, "isBuy": true, "qty": 1016}], "symbol": "FLI", "venue": "RPDBEX", "ts": "2016-04-28T06:28:55.659182154Z"}, {"ok": true, "asks": [{"price": 2617, "isBuy": false, "qty": 9034}, {"price": 2630, "isBuy": false, "qty": 9054}, {"price": 2643, "isBuy": false, "qty": 9054}], "bids": null, "symbol": "FLI", "venue": "RPDBEX", "ts": "2016-04-28T06:29:01.070604135Z"}, {"ok": true, "asks": [{"price": 2623, "isBuy": false, "qty": 8679}, {"price": 2636, "isBuy": false, "qty": 9003}, {"price": 2649, "isBuy": false, "qty": 9003}], "bids": null, "symbol": "FLI", "venue": "RPDBEX", "ts": "2016-04-28T06:29:03.897896806Z"}, {"ok": true, "asks": [{"price": 2441, "isBuy": false, "qty": 365}, {"price": 2456, "isBuy": false, "qty": 620}, {"price": 2485, "isBuy": false, "qty": 8964}, {"price": 2497, "isBuy": false, "qty": 8964}, {"price": 2509, "isBuy": false, "qty": 8964}, {"price": 2558, "isBuy": false, "qty": 406}, {"price": 2618, "isBuy": false, "qty": 1137}], "bids": [{"price": 2429, "isBuy": true, "qty": 1035}, {"price": 2417, "isBuy": true, "qty": 1035}, {"price": 2405, "isBuy": true, "qty": 1035}], "symbol": "FLI", "venue": "RPDBEX", "ts": "2016-04-28T06:29:10.997031781Z"}, {"ok": true, "asks": [{"price": 2481, "isBuy": false, "qty": 684}, {"price": 2573, "isBuy": false, "qty": 360}], "bids": null, "symbol": "FLI", "venue": "RPDBEX", "ts": "2016-04-28T06:29:19.165274093Z"}, {"ok": true, "asks": [{"price": 2521, "isBuy": false, "qty": 580}, {"price": 2685, "isBuy": false, "qty": 6777}, {"price": 2698, "isBuy": false, "qty": 6777}, {"price": 2711, "isBuy": false, "qty": 6777}], "bids": [{"price": 2443, "isBuy": true, "qty": 3222}, {"price": 2431, "isBuy": true, "qty": 3222}, {"price": 2419, "isBuy": true, "qty": 3222}], "symbol": "FLI", "venue": "RPDBEX", "ts": "2016-04-28T06:29:23.693537675Z"}, {"ok": true, "asks": [{"price": 2487, "isBuy": false, "qty": 966}, {"price": 2629, "isBuy": false, "qty": 6777}, {"price": 2642, "isBuy": false, "qty": 6777}, {"price": 2655, "isBuy": false, "qty": 6777}], "bids": [{"price": 2479, "isBuy": true, "qty": 419}], "symbol": "FLI", "venue": "RPDBEX", "ts": "2016-04-28T06:29:27.313463197Z"}, {"ok": true, "asks": [{"price": 2487, "isBuy": false, "qty": 966}, {"price": 2629, "isBuy": false, "qty": 6777}, {"price": 2642, "isBuy": false, "qty": 6777}, {"price": 2655, "isBuy": false, "qty": 6777}], "bids": [{"price": 2479, "isBuy": true, "qty": 419}], "symbol": "FLI", "venue": "RPDBEX", "ts": "2016-04-28T06:29:27.980631349Z"}, {"ok": true, "asks": [{"price": 2487, "isBuy": false, "qty": 966}, {"price": 2629, "isBuy": false, "qty": 6777}, {"price": 2631, "isBuy": false, "qty": 385}, {"price": 2642, "isBuy": false, "qty": 6777}, {"price": 2655, "isBuy": false, "qty": 6777}], "bids": null, "symbol": "FLI", "venue": "RPDBEX", "ts": "2016-04-28T06:29:30.279454122Z"}, {"ok": true, "asks": [{"price": 2576, "isBuy": false, "qty": 290}, {"price": 2602, "isBuy": false, "qty": 6893}, {"price": 2614, "isBuy": false, "qty": 6893}, {"price": 2626, "isBuy": false, "qty": 6893}, {"price": 2631, "isBuy": false, "qty": 385}], "bids": [{"price": 2434, "isBuy": true, "qty": 3106}, {"price": 2422, "isBuy": true, "qty": 3106}, {"price": 2410, "isBuy": true, "qty": 3106}], "symbol": "FLI", "venue": "RPDBEX", "ts": "2016-04-28T06:29:32.792265283Z"}, {"ok": true, "asks": [{"price": 2576, "isBuy": false, "qty": 290}, {"price": 2602, "isBuy": false, "qty": 6893}, {"price": 2614, "isBuy": false, "qty": 6893}, {"price": 2626, "isBuy": false, "qty": 6893}, {"price": 2631, "isBuy": false, "qty": 385}], "bids": [{"price": 2434, "isBuy": true, "qty": 3106}, {"price": 2422, "isBuy": true, "qty": 3106}, {"price": 2410, "isBuy": true, "qty": 3106}], "symbol": "FLI", "venue": "RPDBEX", "ts": "2016-04-28T06:29:34.020873524Z"}, {"ok": true, "asks": [{"price": 2549, "isBuy": false, "qty": 290}, {"price": 2576, "isBuy": false, "qty": 290}, {"price": 2602, "isBuy": false, "qty": 6893}, {"price": 2614, "isBuy": false, "qty": 6893}, {"price": 2626, "isBuy": false, "qty": 6893}, {"price": 2631, "isBuy": false, "qty": 385}], "bids": [{"price": 2470, "isBuy": true, "qty": 709}, {"price": 2434, "isBuy": true, "qty": 3106}, {"price": 2422, "isBuy": true, "qty": 3106}, {"price": 2410, "isBuy": true, "qty": 3106}], "symbol": "FLI", "venue": "RPDBEX", "ts": "2016-04-28T06:29:36.991045063Z"}, {"ok": true, "asks": [{"price": 2631, "isBuy": false, "qty": 385}, {"price": 2668, "isBuy": false, "qty": 7108}, {"price": 2681, "isBuy": false, "qty": 7108}, {"price": 2694, "isBuy": false, "qty": 7108}], "bids": null, "symbol": "FLI", "venue": "RPDBEX", "ts": "2016-04-28T06:29:37.675504294Z"}, {"ok": true, "asks": [{"price": 2631, "isBuy": false, "qty": 385}, {"price": 2668, "isBuy": false, "qty": 7108}, {"price": 2681, "isBuy": false, "qty": 7108}, {"price": 2694, "isBuy": false, "qty": 7108}], "bids": null, "symbol": "FLI", "venue": "RPDBEX", "ts": "2016-04-28T06:29:38.154103655Z"}, {"ok": true, "asks": [{"price": 2631, "isBuy": false, "qty": 385}, {"price": 2668, "isBuy": false, "qty": 7108}, {"price": 2681, "isBuy": false, "qty": 7108}, {"price": 2694, "isBuy": false, "qty": 7108}], "bids": null, "symbol": "FLI", "venue": "RPDBEX", "ts": "2016-04-28T06:29:38.221021519Z"}, {"ok": true, "asks": [{"price": 2614, "isBuy": false, "qty": 307}, {"price": 2620, "isBuy": false, "qty": 5600}, {"price": 2633, "isBuy": false, "qty": 7148}, {"price": 2646, "isBuy": false, "qty": 7148}], "bids": [{"price": 2418, "isBuy": true, "qty": 2851}, {"price": 2406, "isBuy": true, "qty": 2851}, {"price": 2394, "isBuy": true, "qty": 2851}], "symbol": "FLI", "venue": "RPDBEX", "ts": "2016-04-28T06:29:45.561079591Z"}, {"ok": true, "asks": [{"price": 2640, "isBuy": false, "qty": 7014}, {"price": 2653, "isBuy": false, "qty": 7014}, {"price": 2666, "isBuy": false, "qty": 7014}], "bids": [{"price": 2454, "isBuy": true, "qty": 837}], "symbol": "FLI", "venue": "RPDBEX", "ts": "2016-04-28T06:29:49.107487704Z"}, {"ok": true, "asks": [{"price": 2640, "isBuy": false, "qty": 7014}, {"price": 2653, "isBuy": false, "qty": 7014}, {"price": 2666, "isBuy": false, "qty": 7014}], "bids": [{"price": 2454, "isBuy": true, "qty": 837}], "symbol": "FLI", "venue": "RPDBEX", "ts": "2016-04-28T06:29:49.310091242Z"}, {"ok": true, "asks": [{"price": 2645, "isBuy": false, "qty": 7288}, {"price": 2658, "isBuy": false, "qty": 7288}, {"price": 2671, "isBuy": false, "qty": 7288}], "bids": [{"price": 2606, "isBuy": true, "qty": 2329}, {"price": 2593, "isBuy": true, "qty": 2329}], "symbol": "FLI", "venue": "RPDBEX", "ts": "2016-04-28T06:29:52.972814096Z"}, {"ok": true, "asks": [{"price": 2646, "isBuy": false, "qty": 7589}, {"price": 2659, "isBuy": false, "qty": 7669}, {"price": 2672, "isBuy": false, "qty": 7669}], "bids": [{"price": 2620, "isBuy": true, "qty": 2}, {"price": 2607, "isBuy": true, "qty": 2}, {"price": 2594, "isBuy": true, "qty": 1720}], "symbol": "FLI", "venue": "RPDBEX", "ts": "2016-04-28T06:29:58.129181832Z"}, {"ok": true, "asks": [{"price": 2646, "isBuy": false, "qty": 7589}, {"price": 2659, "isBuy": false, "qty": 7669}, {"price": 2672, "isBuy": false, "qty": 7669}], "bids": [{"price": 2620, "isBuy": true, "qty": 2}, {"price": 2607, "isBuy": true, "qty": 2}, {"price": 2594, "isBuy": true, "qty": 1720}], "symbol": "FLI", "venue": "RPDBEX", "ts": "2016-04-28T06:30:01.722238447Z"}, {"ok": true, "asks": [{"price": 2606, "isBuy": false, "qty": 632}, {"price": 2666, "isBuy": false, "qty": 8337}, {"price": 2679, "isBuy": false, "qty": 8337}, {"price": 2692, "isBuy": false, "qty": 8337}], "bids": null, "symbol": "FLI", "venue": "RPDBEX", "ts": "2016-04-28T06:30:09.034794819Z"}, {"ok": true, "asks": [{"price": 2485, "isBuy": false, "qty": 276}, {"price": 2523, "isBuy": false, "qty": 8178}, {"price": 2535, "isBuy": false, "qty": 8178}, {"price": 2547, "isBuy": false, "qty": 8178}], "bids": [{"price": 2461, "isBuy": true, "qty": 770}, {"price": 2449, "isBuy": true, "qty": 1342}, {"price": 2437, "isBuy": true, "qty": 1342}], "symbol": "FLI", "venue": "RPDBEX", "ts": "2016-04-28T06:30:14.908966925Z"}, {"ok": true, "asks": [{"price": 2699, "isBuy": false, "qty": 7691}, {"price": 2712, "isBuy": false, "qty": 7691}, {"price": 2725, "isBuy": false, "qty": 7691}], "bids": [{"price": 2497, "isBuy": true, "qty": 263}], "symbol": "FLI", "venue": "RPDBEX", "ts": "2016-04-28T06:30:24.388199772Z"}, {"ok": true, "asks": [{"price": 2699, "isBuy": false, "qty": 7691}, {"price": 2712, "isBuy": false, "qty": 7691}, {"price": 2725, "isBuy": false, "qty": 7691}], "bids": [{"price": 2497, "isBuy": true, "qty": 263}], "symbol": "FLI", "venue": "RPDBEX", "ts": "2016-04-28T06:30:24.831630919Z"}, {"ok": true, "asks": [{"price": 2585, "isBuy": false, "qty": 7691}, {"price": 2597, "isBuy": false, "qty": 7691}, {"price": 2609, "isBuy": false, "qty": 7691}, {"price": 2657, "isBuy": false, "qty": 372}], "bids": [{"price": 2561, "isBuy": true, "qty": 2308}, {"price": 2549, "isBuy": true, "qty": 2308}, {"price": 2537, "isBuy": true, "qty": 2308}], "symbol": "FLI", "venue": "RPDBEX", "ts": "2016-04-28T06:30:30.916243566Z"}, {"ok": true, "asks": [{"price": 2585, "isBuy": false, "qty": 7691}, {"price": 2597, "isBuy": false, "qty": 7691}, {"price": 2609, "isBuy": false, "qty": 7691}, {"price": 2657, "isBuy": false, "qty": 372}], "bids": [{"price": 2561, "isBuy": true, "qty": 2308}, {"price": 2549, "isBuy": true, "qty": 2308}, {"price": 2537, "isBuy": true, "qty": 2308}], "symbol": "FLI", "venue": "RPDBEX", "ts": "2016-04-28T06:30:31.983372633Z"}, {"ok": true, "asks": [{"price": 2695, "isBuy": false, "qty": 7677}, {"price": 2708, "isBuy": false, "qty": 7677}, {"price": 2721, "isBuy": false, "qty": 7677}], "bids": null, "symbol": "FLI", "venue": "RPDBEX", "ts": "2016-04-28T06:30:34.458710994Z"}, {"ok": true, "asks": [{"price": 2718, "isBuy": false, "qty": 7981}, {"price": 2731, "isBuy": false, "qty": 7981}, {"price": 2744, "isBuy": false, "qty": 7981}], "bids": null, "symbol": "FLI", "venue": "RPDBEX", "ts": "2016-04-28T06:30:39.432267558Z"}, {"ok": true, "asks": [{"price": 2573, "isBuy": false, "qty": 8240}, {"price": 2585, "isBuy": false, "qty": 8240}, {"price": 2597, "isBuy": false, "qty": 8240}], "bids": [{"price": 2537, "isBuy": true, "qty": 1576}, {"price": 2525, "isBuy": true, "qty": 1576}], "symbol": "FLI", "venue": "RPDBEX", "ts": "2016-04-28T06:30:44.722615443Z"}, {"ok": true, "asks": [{"price": 2710, "isBuy": false, "qty": 7791}, {"price": 2723, "isBuy": false, "qty": 7791}, {"price": 2736, "isBuy": false, "qty": 7791}], "bids": null, "symbol": "FLI", "venue": "RPDBEX", "ts": "2016-04-28T06:30:48.103705074Z"}, {"ok": true, "asks": [{"price": 2668, "isBuy": false, "qty": 592}, {"price": 2710, "isBuy": false, "qty": 7791}, {"price": 2723, "isBuy": false, "qty": 7791}, {"price": 2736, "isBuy": false, "qty": 7791}], "bids": null, "symbol": "FLI", "venue": "RPDBEX", "ts": "2016-04-28T06:30:51.592671484Z"}, {"ok": true, "asks": [{"price": 2711, "isBuy": false, "qty": 8104}, {"price": 2724, "isBuy": false, "qty": 8104}, {"price": 2737, "isBuy": false, "qty": 8104}], "bids": [{"price": 2685, "isBuy": true, "qty": 1478}, {"price": 2659, "isBuy": true, "qty": 1478}], "symbol": "FLI", "venue": "RPDBEX", "ts": "2016-04-28T06:30:52.998264291Z"}, {"ok": true, "asks": [{"price": 2711, "isBuy": false, "qty": 8104}, {"price": 2724, "isBuy": false, "qty": 8104}, {"price": 2737, "isBuy": false, "qty": 8104}], "bids": [{"price": 2685, "isBuy": true, "qty": 1182}, {"price": 2659, "isBuy": true, "qty": 1478}], "symbol": "FLI", "venue": "RPDBEX", "ts": "2016-04-28T06:30:56.458919558Z"}, {"ok": true, "asks": [{"price": 2494, "isBuy": false, "qty": 8442}, {"price": 2506, "isBuy": false, "qty": 8522}, {"price": 2518, "isBuy": false, "qty": 8522}], "bids": [{"price": 2470, "isBuy": true, "qty": 1182}, {"price": 2458, "isBuy": true, "qty": 1182}, {"price": 2446, "isBuy": true, "qty": 1182}], "symbol": "FLI", "venue": "RPDBEX", "ts": "2016-04-28T06:30:59.241995429Z"}, {"ok": true, "asks": [{"price": 2666, "isBuy": false, "qty": 7717}, {"price": 2679, "isBuy": false, "qty": 7717}, {"price": 2692, "isBuy": false, "qty": 7717}], "bids": null, "symbol": "FLI", "venue": "RPDBEX", "ts": "2016-04-28T06:31:02.685616197Z"}, {"ok": true, "asks": [{"price": 2589, "isBuy": false, "qty": 7305}, {"price": 2601, "isBuy": false, "qty": 7305}, {"price": 2613, "isBuy": false, "qty": 7305}, {"price": 2625, "isBuy": false, "qty": 573}], "bids": [{"price": 2565, "isBuy": true, "qty": 2444}, {"price": 2553, "isBuy": true, "qty": 2444}, {"price": 2541, "isBuy": true, "qty": 2444}], "symbol": "FLI", "venue": "RPDBEX", "ts": "2016-04-28T06:31:09.871752424Z"}, {"ok": true, "asks": [{"price": 2625, "isBuy": false, "qty": 573}], "bids": [{"price": 2512, "isBuy": true, "qty": 2601}, {"price": 2500, "isBuy": true, "qty": 2601}, {"price": 2488, "isBuy": true, "qty": 2601}], "symbol": "FLI", "venue": "RPDBEX", "ts": "2016-04-28T06:31:13.325829064Z"}, {"ok": true, "asks": [{"price": 2548, "isBuy": false, "qty": 786}], "bids": [{"price": 2512, "isBuy": true, "qty": 2601}, {"price": 2500, "isBuy": true, "qty": 2601}, {"price": 2488, "isBuy": true, "qty": 2601}], "symbol": "FLI", "venue": "RPDBEX", "ts": "2016-04-28T06:31:16.344185729Z"}, {"ok": true, "asks": [{"price": 2551, "isBuy": false, "qty": 7085}, {"price": 2563, "isBuy": false, "qty": 7085}, {"price": 2575, "isBuy": false, "qty": 7085}], "bids": [{"price": 2527, "isBuy": true, "qty": 2601}, {"price": 2515, "isBuy": true, "qty": 2601}, {"price": 2503, "isBuy": true, "qty": 2601}], "symbol": "FLI", "venue": "RPDBEX", "ts": "2016-04-28T06:31:21.171907036Z"}, {"ok": true, "asks": null, "bids": [{"price": 2509, "isBuy": true, "qty": 3073}, {"price": 2497, "isBuy": true, "qty": 3073}, {"price": 2485, "isBuy": true, "qty": 3073}], "symbol": "FLI", "venue": "RPDBEX", "ts": "2016-04-28T06:31:27.982035665Z"}, {"ok": true, "asks": null, "bids": [{"price": 2509, "isBuy": true, "qty": 3073}, {"price": 2497, "isBuy": true, "qty": 3073}, {"price": 2485, "isBuy": true, "qty": 3073}], "symbol": "FLI", "venue": "RPDBEX", "ts": "2016-04-28T06:31:28.071585542Z"}, {"ok": true, "asks": null, "bids": [{"price": 2530, "isBuy": true, "qty": 301}, {"price": 2518, "isBuy": true, "qty": 301}], "symbol": "FLI", "venue": "RPDBEX", "ts": "2016-04-28T06:31:32.089367032Z"}, {"ok": true, "asks": [{"price": 2566, "isBuy": false, "qty": 6946}, {"price": 2578, "isBuy": false, "qty": 6946}, {"price": 2590, "isBuy": false, "qty": 6946}], "bids": [{"price": 2542, "isBuy": true, "qty": 2752}, {"price": 2530, "isBuy": true, "qty": 2752}, {"price": 2518, "isBuy": true, "qty": 2752}], "symbol": "FLI", "venue": "RPDBEX", "ts": "2016-04-28T06:31:32.238734868Z"}, {"ok": true, "asks": [{"price": 2505, "isBuy": false, "qty": 7660}, {"price": 2517, "isBuy": false, "qty": 7660}, {"price": 2529, "isBuy": false, "qty": 7660}], "bids": [{"price": 1634, "isBuy": true, "qty": 208863}, {"price": 1610, "isBuy": true, "qty": 2339}, {"price": 1602, "isBuy": true, "qty": 2339}, {"price": 1594, "isBuy": true, "qty": 2339}], "symbol": "FLI", "venue": "RPDBEX", "ts": "2016-04-28T06:31:40.299489335Z"}, {"ok": true, "asks": [{"price": 2604, "isBuy": false, "qty": 7691}, {"price": 2616, "isBuy": false, "qty": 7691}, {"price": 2628, "isBuy": false, "qty": 7691}], "bids": null, "symbol": "FLI", "venue": "RPDBEX", "ts": "2016-04-28T06:31:49.001930772Z"}, {"ok": true, "asks": [{"price": 2638, "isBuy": false, "qty": 8026}, {"price": 2651, "isBuy": false, "qty": 8026}, {"price": 2664, "isBuy": false, "qty": 8026}], "bids": [{"price": 2612, "isBuy": true, "qty": 1078}], "symbol": "FLI", "venue": "RPDBEX", "ts": "2016-04-28T06:31:54.90143608Z"}, {"ok": true, "asks": [{"price": 2597, "isBuy": false, "qty": 424}, {"price": 3456, "isBuy": false, "qty": 3672}, {"price": 3473, "isBuy": false, "qty": 7859}, {"price": 3490, "isBuy": false, "qty": 7859}], "bids": null, "symbol": "FLI", "venue": "RPDBEX", "ts": "2016-04-28T06:32:01.826710079Z"}, {"ok": true, "asks": [{"price": 2559, "isBuy": false, "qty": 7419}, {"price": 2571, "isBuy": false, "qty": 7419}, {"price": 2583, "isBuy": false, "qty": 7419}], "bids": [{"price": 2535, "isBuy": true, "qty": 2580}, {"price": 2523, "isBuy": true, "qty": 2580}, {"price": 2511, "isBuy": true, "qty": 2580}], "symbol": "FLI", "venue": "RPDBEX", "ts": "2016-04-28T06:32:04.988032533Z"}, {"ok": true, "asks": [{"price": 2519, "isBuy": false, "qty": 499}, {"price": 2645, "isBuy": false, "qty": 7178}, {"price": 2658, "isBuy": false, "qty": 7178}, {"price": 2671, "isBuy": false, "qty": 7178}], "bids": null, "symbol": "FLI", "venue": "RPDBEX", "ts": "2016-04-28T06:32:10.175359262Z"}, {"ok": true, "asks": [{"price": 2519, "isBuy": false, "qty": 499}, {"price": 2645, "isBuy": false, "qty": 7178}, {"price": 2658, "isBuy": false, "qty": 7178}, {"price": 2671, "isBuy": false, "qty": 7178}], "bids": null, "symbol": "FLI", "venue": "RPDBEX", "ts": "2016-04-28T06:32:10.516470435Z"}, {"ok": true, "asks": [{"price": 2618, "isBuy": false, "qty": 6160}, {"price": 2631, "isBuy": false, "qty": 7151}, {"price": 2644, "isBuy": false, "qty": 7151}], "bids": [{"price": 2592, "isBuy": true, "qty": 2848}, {"price": 2579, "isBuy": true, "qty": 2848}, {"price": 2566, "isBuy": true, "qty": 2848}], "symbol": "FLI", "venue": "RPDBEX", "ts": "2016-04-28T06:32:13.455556365Z"}, {"ok": true, "asks": [{"price": 2578, "isBuy": false, "qty": 499}], "bids": [{"price": 2493, "isBuy": true, "qty": 2553}, {"price": 2481, "isBuy": true, "qty": 2553}, {"price": 2469, "isBuy": true, "qty": 2553}], "symbol": "FLI", "venue": "RPDBEX", "ts": "2016-04-28T06:32:20.065450685Z"}, {"ok": true, "asks": [{"price": 2578, "isBuy": false, "qty": 499}], "bids": [{"price": 2493, "isBuy": true, "qty": 2553}, {"price": 2481, "isBuy": true, "qty": 2553}, {"price": 2469, "isBuy": true, "qty": 2553}], "symbol": "FLI", "venue": "RPDBEX", "ts": "2016-04-28T06:32:20.662993246Z"}, {"ok": true, "asks": [{"price": 2496, "isBuy": false, "qty": 949}, {"price": 2534, "isBuy": false, "qty": 5940}, {"price": 2546, "isBuy": false, "qty": 5940}, {"price": 2558, "isBuy": false, "qty": 5940}], "bids": [{"price": 2470, "isBuy": true, "qty": 3162}, {"price": 2458, "isBuy": true, "qty": 3961}, {"price": 2446, "isBuy": true, "qty": 3961}], "symbol": "FLI", "venue": "RPDBEX", "ts": "2016-04-28T06:32:33.252222175Z"}, {"ok": true, "asks": null, "bids": [{"price": 2456, "isBuy": true, "qty": 4029}, {"price": 2444, "isBuy": true, "qty": 4029}, {"price": 2432, "isBuy": true, "qty": 4029}], "symbol": "FLI", "venue": "RPDBEX", "ts": "2016-04-28T06:32:39.283637243Z"}, {"ok": true, "asks": [{"price": 2547, "isBuy": false, "qty": 5930}, {"price": 2559, "isBuy": false, "qty": 5930}, {"price": 2571, "isBuy": false, "qty": 5817}], "bids": [{"price": 2523, "isBuy": true, "qty": 4069}, {"price": 2511, "isBuy": true, "qty": 4069}, {"price": 2499, "isBuy": true, "qty": 4069}], "symbol": "FLI", "venue": "RPDBEX", "ts": "2016-04-28T06:32:43.12220612Z"}, {"ok": true, "asks": [{"price": 2507, "isBuy": false, "qty": 749}, {"price": 2578, "isBuy": false, "qty": 6063}, {"price": 2590, "isBuy": false, "qty": 6063}, {"price": 2602, "isBuy": false, "qty": 6063}], "bids": null, "symbol": "FLI", "venue": "RPDBEX", "ts": "2016-04-28T06:32:49.816497788Z"}, {"ok": true, "asks": [{"price": 2526, "isBuy": false, "qty": 874}, {"price": 2632, "isBuy": false, "qty": 5901}, {"price": 2645, "isBuy": false, "qty": 5901}, {"price": 2658, "isBuy": false, "qty": 5901}], "bids": null, "symbol": "FLI", "venue": "RPDBEX", "ts": "2016-04-28T06:32:53.675083368Z"}, {"ok": true, "asks": [{"price": 2526, "isBuy": false, "qty": 874}, {"price": 2632, "isBuy": false, "qty": 5901}, {"price": 2645, "isBuy": false, "qty": 5901}, {"price": 2658, "isBuy": false, "qty": 5901}], "bids": null, "symbol": "FLI", "venue": "RPDBEX", "ts": "2016-04-28T06:32:54.852212867Z"}, {"ok": true, "asks": [{"price": 2579, "isBuy": false, "qty": 6275}, {"price": 2579, "isBuy": false, "qty": 499}, {"price": 2591, "isBuy": false, "qty": 6183}, {"price": 2603, "isBuy": false, "qty": 6183}], "bids": null, "symbol": "FLI", "venue": "RPDBEX", "ts": "2016-04-28T06:32:59.916077635Z"}, {"ok": true, "asks": [{"price": 2579, "isBuy": false, "qty": 6275}, {"price": 2579, "isBuy": false, "qty": 499}, {"price": 2591, "isBuy": false, "qty": 6183}, {"price": 2603, "isBuy": false, "qty": 6183}], "bids": null, "symbol": "FLI", "venue": "RPDBEX", "ts": "2016-04-28T06:33:00.233808004Z"}]