[{"ok": true, "asks": [{"price": 5515, "isBuy": false, "qty": 4727}, {"price": 5542, "isBuy": false, "qty": 4760}, {"price": 5569, "isBuy": false, "qty": 4760}], "bids": [{"price": 4991, "isBuy": true, "qty": 5000}, {"price": 4966, "isBuy": true, "qty": 5000}, {"price": 4941, "isBuy": true, "qty": 5000}], "symbol": "PMH", "venue": "BILEX", "ts": "2016-04-29T07:39:59.858900974Z"}, {"ok": true, "asks": [{"price": 5067, "isBuy": false, "qty": 17}, {"price": 5486, "isBuy": false, "qty": 500}, {"price": 5523, "isBuy": false, "qty": 4680}, {"price": 5550, "isBuy": false, "qty": 4680}, {"price": 5577, "isBuy": false, "qty": 4680}], "bids": [{"price": 5015, "isBuy": true, "qty": 500}, {"price": 4969, "isBuy": true, "qty": 5243}, {"price": 4945, "isBuy": true, "qty": 5243}, {"price": 4921, "isBuy": true, "qty": 5243}], "symbol": "PMH", "venue": "BILEX", "ts": "2016-04-29T07:40:04.850215043Z"}, {"ok": true, "asks": [{"price": 5067, "isBuy": false, "qty": 17}, {"price": 5486, "isBuy": false, "qty": 500}, {"price": 5523, "isBuy": false, "qty": 4680}, {"price": 5550, "isBuy": false, "qty": 4680}, {"price": 5577, "isBuy": false, "qty": 4680}], "bids": [{"price": 5015, "isBuy": true, "qty": 500}, {"price": 4969, "isBuy": true, "qty": 5243}, {"price": 4945, "isBuy": true, "qty": 5243}, {"price": 4921, "isBuy": true, "qty": 5243}], "symbol": "PMH", "venue": "BILEX", "ts": "2016-04-29T07:40:06.036633747Z"}, {"ok": true, "asks": [{"price": 5067, "isBuy": false, "qty": 17}, {"price": 5486, "isBuy": false, "qty": 500}, {"price": 5523, "isBuy": false, "qty": 4680}, {"price": 5550, "isBuy": false, "qty": 4680}, {"price": 5577, "isBuy": false, "qty": 4680}], "bids": [{"price": 4969, "isBuy": true, "qty": 5243}, {"price": 4945, "isBuy": true, "qty": 5243}, {"price": 4921, "isBuy": true, "qty": 5243}], "symbol": "PMH", "venue": "BILEX", "ts": "2016-04-29T07:40:06.365561341Z"}, {"ok": true, "asks": [{"price": 5067, "isBuy": false, "qty": 17}, {"price": 5486, "isBuy": false, "qty": 500}, {"price": 5523, "isBuy": false, "qty": 4680}, {"price": 5550, "isBuy": false, "qty": 4680}, {"price": 5577, "isBuy": false, "qty": 4680}], "bids": [{"price": 5018, "isBuy": true, "qty": 500}, {"price": 4969, "isBuy": true, "qty": 5243}, {"price": 4945, "isBuy": true, "qty": 5243}, {"price": 4921, "isBuy": true, "qty": 5243}], "symbol": "PMH", "venue": "BILEX", "ts": "2016-04-29T07:40:07.534760001Z"}, {"ok": true, "asks": [{"price": 5354, "isBuy": false, "qty": 11}, {"price": 5380, "isBuy": false, "qty": 11}, {"price": 5406, "isBuy": false, "qty": 11}, {"price": 5486, "isBuy": false, "qty": 500}], "bids": [{"price": 5265, "isBuy": true, "qty": 334}, {"price": 5078, "isBuy": true, "qty": 5346}, {"price": 5053, "isBuy": true, "qty": 5346}, {"price": 5028, "isBuy": true, "qty": 5346}, {"price": 5018, "isBuy": true, "qty": 500}], "symbol": "PMH", "venue": "BILEX", "ts": "2016-04-29T07:40:09.691227953Z"}, {"ok": true, "asks": [{"price": 5354, "isBuy": false, "qty": 11}, {"price": 5380, "isBuy": false, "qty": 11}, {"price": 5406, "isBuy": false, "qty": 11}], "bids": [{"price": 5265, "isBuy": true, "qty": 334}, {"price": 5078, "isBuy": true, "qty": 5346}, {"price": 5053, "isBuy": true, "qty": 5346}, {"price": 5028, "isBuy": true, "qty": 5346}, {"price": 5018, "isBuy": true, "qty": 500}, {"price": 5018, "isBuy": true, "qty": 250}], "symbol": "PMH", "venue": "BILEX", "ts": "2016-04-29T07:40:10.025963828Z"}, {"ok": true, "asks": [{"price": 5354, "isBuy": false, "qty": 11}, {"price": 5380, "isBuy": false, "qty": 11}, {"price": 5406, "isBuy": false, "qty": 11}, {"price": 5431, "isBuy": false, "qty": 500}], "bids": [{"price": 5265, "isBuy": true, "qty": 334}, {"price": 5078, "isBuy": true, "qty": 5346}, {"price": 5053, "isBuy": true, "qty": 5346}, {"price": 5028, "isBuy": true, "qty": 5346}, {"price": 5018, "isBuy": true, "qty": 500}, {"price": 5018, "isBuy": true, "qty": 250}], "symbol": "PMH", "venue": "BILEX", "ts": "2016-04-29T07:40:11.516519054Z"}, {"ok": true, "asks": [{"price": 5304, "isBuy": false, "qty": 4663}, {"price": 5330, "isBuy": false, "qty": 4663}, {"price": 5356, "isBuy": false, "qty": 4663}, {"price": 5431, "isBuy": false, "qty": 194}], "bids": [{"price": 5252, "isBuy": true, "qty": 5333}, {"price": 5226, "isBuy": true, "qty": 5333}, {"price": 5200, "isBuy": true, "qty": 5333}, {"price": 5018, "isBuy": true, "qty": 500}, {"price": 5018, "isBuy": true, "qty": 250}], "symbol": "PMH", "venue": "BILEX", "ts": "2016-04-29T07:40:13.370536165Z"}, {"ok": true, "asks": [{"price": 5304, "isBuy": false, "qty": 4663}, {"price": 5330, "isBuy": false, "qty": 4663}, {"price": 5356, "isBuy": false, "qty": 4663}, {"price": 5431, "isBuy": false, "qty": 194}], "bids": [{"price": 5252, "isBuy": true, "qty": 5333}, {"price": 5226, "isBuy": true, "qty": 5333}, {"price": 5200, "isBuy": true, "qty": 5333}, {"price": 5128, "isBuy": true, "qty": 278}, {"price": 5018, "isBuy": true, "qty": 500}, {"price": 5018, "isBuy": true, "qty": 250}], "symbol": "PMH", "venue": "BILEX", "ts": "2016-04-29T07:40:13.539318349Z"}, {"ok": true, "asks": [{"price": 5304, "isBuy": false, "qty": 4663}, {"price": 5330, "isBuy": false, "qty": 4663}, {"price": 5356, "isBuy": false, "qty": 4663}, {"price": 5431, "isBuy": false, "qty": 194}], "bids": [{"price": 5252, "isBuy": true, "qty": 5333}, {"price": 5226, "isBuy": true, "qty": 5333}, {"price": 5200, "isBuy": true, "qty": 5333}, {"price": 5128, "isBuy": true, "qty": 278}, {"price": 5018, "isBuy": true, "qty": 500}, {"price": 5018, "isBuy": true, "qty": 250}], "symbol": "PMH", "venue": "BILEX", "ts": "2016-04-29T07:40:13.708263584Z"}, {"ok": true, "asks": [{"price": 5304, "isBuy": false, "qty": 4663}, {"price": 5326, "isBuy": false, "qty": 347}, {"price": 5330, "isBuy": false, "qty": 4663}, {"price": 5356, "isBuy": false, "qty": 4663}], "bids": [{"price": 5252, "isBuy": true, "qty": 5333}, {"price": 5226, "isBuy": true, "qty": 5333}, {"price": 5200, "isBuy": true, "qty": 5333}, {"price": 5128, "isBuy": true, "qty": 278}, {"price": 5018, "isBuy": true, "qty": 500}, {"price": 5018, "isBuy": true, "qty": 250}], "symbol": "PMH", "venue": "BILEX", "ts": "2016-04-29T07:40:14.892496688Z"}, {"ok": true, "asks": [{"price": 5304, "isBuy": false, "qty": 4663}, {"price": 5326, "isBuy": false, "qty": 347}, {"price": 5330, "isBuy": false, "qty": 4663}, {"price": 5356, "isBuy": false, "qty": 4663}], "bids": [{"price": 5278, "isBuy": true, "qty": 139}, {"price": 5252, "isBuy": true, "qty": 5333}, {"price": 5226, "isBuy": true, "qty": 5333}, {"price": 5200, "isBuy": true, "qty": 5333}, {"price": 5128, "isBuy": true, "qty": 278}, {"price": 5018, "isBuy": true, "qty": 500}, {"price": 5018, "isBuy": true, "qty": 250}], "symbol": "PMH", "venue": "BILEX", "ts": "2016-04-29T07:40:17.219904325Z"}, {"ok": true, "asks": [{"price": 5304, "isBuy": false, "qty": 4663}, {"price": 5326, "isBuy": false, "qty": 347}, {"price": 5330, "isBuy": false, "qty": 4663}, {"price": 5356, "isBuy": false, "qty": 4663}], "bids": [{"price": 5278, "isBuy": true, "qty": 139}, {"price": 5252, "isBuy": true, "qty": 5333}, {"price": 5226, "isBuy": true, "qty": 5333}, {"price": 5200, "isBuy": true, "qty": 5333}, {"price": 5128, "isBuy": true, "qty": 278}, {"price": 5018, "isBuy": true, "qty": 500}, {"price": 5018, "isBuy": true, "qty": 250}], "symbol": "PMH", "venue": "BILEX", "ts": "2016-04-29T07:40:17.385743258Z"}, {"ok": true, "asks": [{"price": 5304, "isBuy": false, "qty": 4663}, {"price": 5326, "isBuy": false, "qty": 347}, {"price": 5330, "isBuy": false, "qty": 4663}, {"price": 5356, "isBuy": false, "qty": 4663}], "bids": [{"price": 5278, "isBuy": true, "qty": 139}, {"price": 5252, "isBuy": true, "qty": 5333}, {"price": 5226, "isBuy": true, "qty": 5333}, {"price": 5200, "isBuy": true, "qty": 5333}, {"price": 5128, "isBuy": true, "qty": 278}, {"price": 5018, "isBuy": true, "qty": 500}, {"price": 5018, "isBuy": true, "qty": 250}], "symbol": "PMH", "venue": "BILEX", "ts": "2016-04-29T07:40:17.550420776Z"}, {"ok": true, "asks": [{"price": 5304, "isBuy": false, "qty": 4663}, {"price": 5326, "isBuy": false, "qty": 347}, {"price": 5330, "isBuy": false, "qty": 4663}, {"price": 5356, "isBuy": false, "qty": 4663}], "bids": [{"price": 5278, "isBuy": true, "qty": 139}, {"price": 5252, "isBuy": true, "qty": 5333}, {"price": 5226, "isBuy": true, "qty": 5333}, {"price": 5200, "isBuy": true, "qty": 5333}, {"price": 5128, "isBuy": true, "qty": 278}, {"price": 5018, "isBuy": true, "qty": 500}, {"price": 5018, "isBuy": true, "qty": 250}], "symbol": "PMH", "venue": "BILEX", "ts": "2016-04-29T07:40:17.554432058Z"}, {"ok": true, "asks": [{"price": 5415, "isBuy": false, "qty": 4671}, {"price": 5441, "isBuy": false, "qty": 4671}, {"price": 5467, "isBuy": false, "qty": 4671}], "bids": [{"price": 5389, "isBuy": true, "qty": 314}, {"price": 5170, "isBuy": true, "qty": 5328}, {"price": 5145, "isBuy": true, "qty": 5328}, {"price": 5128, "isBuy": true, "qty": 278}, {"price": 5120, "isBuy": true, "qty": 5328}, {"price": 5018, "isBuy": true, "qty": 500}, {"price": 5018, "isBuy": true, "qty": 250}], "symbol": "PMH", "venue": "BILEX", "ts": "2016-04-29T07:40:17.894091054Z"}, {"ok": true, "asks": [{"price": 5415, "isBuy": false, "qty": 4671}, {"price": 5441, "isBuy": false, "qty": 4671}, {"price": 5467, "isBuy": false, "qty": 4671}], "bids": [{"price": 5389, "isBuy": true, "qty": 314}, {"price": 5170, "isBuy": true, "qty": 5328}, {"price": 5145, "isBuy": true, "qty": 5328}, {"price": 5128, "isBuy": true, "qty": 278}, {"price": 5120, "isBuy": true, "qty": 5328}, {"price": 5018, "isBuy": true, "qty": 500}, {"price": 5018, "isBuy": true, "qty": 250}], "symbol": "PMH", "venue": "BILEX", "ts": "2016-04-29T07:40:18.053253493Z"}, {"ok": true, "asks": [{"price": 5415, "isBuy": false, "qty": 4671}, {"price": 5441, "isBuy": false, "qty": 4671}, {"price": 5467, "isBuy": false, "qty": 4671}], "bids": [{"price": 5389, "isBuy": true, "qty": 314}, {"price": 5304, "isBuy": true, "qty": 243}, {"price": 5170, "isBuy": true, "qty": 5328}, {"price": 5145, "isBuy": true, "qty": 5328}, {"price": 5128, "isBuy": true, "qty": 278}, {"price": 5120, "isBuy": true, "qty": 5328}, {"price": 5018, "isBuy": true, "qty": 500}, {"price": 5018, "isBuy": true, "qty": 250}], "symbol": "PMH", "venue": "BILEX", "ts": "2016-04-29T07:40:20.894434315Z"}, {"ok": true, "asks": [{"price": 5415, "isBuy": false, "qty": 4671}, {"price": 5441, "isBuy": false, "qty": 4671}, {"price": 5467, "isBuy": false, "qty": 4671}], "bids": [{"price": 5389, "isBuy": true, "qty": 314}, {"price": 5304, "isBuy": true, "qty": 243}, {"price": 5170, "isBuy": true, "qty": 5328}, {"price": 5145, "isBuy": true, "qty": 5328}, {"price": 5128, "isBuy": true, "qty": 278}, {"price": 5120, "isBuy": true, "qty": 5328}, {"price": 5018, "isBuy": true, "qty": 500}, {"price": 5018, "isBuy": true, "qty": 250}], "symbol": "PMH", "venue": "BILEX", "ts": "2016-04-29T07:40:21.388394323Z"}, {"ok": true, "asks": [{"price": 5415, "isBuy": false, "qty": 4671}, {"price": 5441, "isBuy": false, "qty": 4671}, {"price": 5467, "isBuy": false, "qty": 4671}], "bids": [{"price": 5389, "isBuy": true, "qty": 314}, {"price": 5304, "isBuy": true, "qty": 243}, {"price": 5170, "isBuy": true, "qty": 5328}, {"price": 5145, "isBuy": true, "qty": 5328}, {"price": 5128, "isBuy": true, "qty": 278}, {"price": 5120, "isBuy": true, "qty": 5328}, {"price": 5018, "isBuy": true, "qty": 500}, {"price": 5018, "isBuy": true, "qty": 250}], "symbol": "PMH", "venue": "BILEX", "ts": "2016-04-29T07:40:21.558003631Z"}, {"ok": true, "asks": [{"price": 5415, "isBuy": false, "qty": 4671}, {"price": 5441, "isBuy": false, "qty": 4671}, {"price": 5467, "isBuy": false, "qty": 4671}], "bids": [{"price": 5389, "isBuy": true, "qty": 314}, {"price": 5304, "isBuy": true, "qty": 243}, {"price": 5170, "isBuy": true, "qty": 5328}, {"price": 5145, "isBuy": true, "qty": 5328}, {"price": 5128, "isBuy": true, "qty": 278}, {"price": 5120, "isBuy": true, "qty": 5328}, {"price": 5018, "isBuy": true, "qty": 500}, {"price": 5018, "isBuy": true, "qty": 250}], "symbol": "PMH", "venue": "BILEX", "ts": "2016-04-29T07:40:21.729142786Z"}, {"ok": true, "asks": [{"price": 5415, "isBuy": false, "qty": 4671}, {"price": 5441, "isBuy": false, "qty": 4671}, {"price": 5467, "isBuy": false, "qty": 4671}], "bids": [{"price": 5389, "isBuy": true, "qty": 314}, {"price": 5304, "isBuy": true, "qty": 243}, {"price": 5170, "isBuy": true, "qty": 5328}, {"price": 5145, "isBuy": true, "qty": 5328}, {"price": 5128, "isBuy": true, "qty": 278}, {"price": 5120, "isBuy": true, "qty": 5328}, {"price": 5018, "isBuy": true, "qty": 500}, {"price": 5018, "isBuy": true, "qty": 250}], "symbol": "PMH", "venue": "BILEX", "ts": "2016-04-29T07:40:21.892702721Z"}, {"ok": true, "asks": [{"price": 5386, "isBuy": false, "qty": 309}], "bids": [{"price": 5357, "isBuy": true, "qty": 151}, {"price": 5304, "isBuy": true, "qty": 111}, {"price": 5128, "isBuy": true, "qty": 278}, {"price": 5043, "isBuy": true, "qty": 5381}, {"price": 5018, "isBuy": true, "qty": 500}, {"price": 5018, "isBuy": true, "qty": 250}, {"price": 5018, "isBuy": true, "qty": 5381}, {"price": 4993, "isBuy": true, "qty": 5381}], "symbol": "PMH", "venue": "BILEX", "ts": "2016-04-29T07:40:24.917618004Z"}, {"ok": true, "asks": [{"price": 5386, "isBuy": false, "qty": 309}], "bids": [{"price": 5357, "isBuy": true, "qty": 151}, {"price": 5304, "isBuy": true, "qty": 111}, {"price": 5128, "isBuy": true, "qty": 278}, {"price": 5043, "isBuy": true, "qty": 5381}, {"price": 5018, "isBuy": true, "qty": 500}, {"price": 5018, "isBuy": true, "qty": 250}, {"price": 5018, "isBuy": true, "qty": 5381}, {"price": 4993, "isBuy": true, "qty": 5381}], "symbol": "PMH", "venue": "BILEX", "ts": "2016-04-29T07:40:25.228151009Z"}, {"ok": true, "asks": [{"price": 5386, "isBuy": false, "qty": 309}], "bids": [{"price": 5357, "isBuy": true, "qty": 151}, {"price": 5304, "isBuy": true, "qty": 111}, {"price": 5128, "isBuy": true, "qty": 278}, {"price": 5043, "isBuy": true, "qty": 5381}, {"price": 5018, "isBuy": true, "qty": 500}, {"price": 5018, "isBuy": true, "qty": 250}, {"price": 5018, "isBuy": true, "qty": 5381}, {"price": 4993, "isBuy": true, "qty": 5381}], "symbol": "PMH", "venue": "BILEX", "ts": "2016-04-29T07:40:25.390101216Z"}, {"ok": true, "asks": [{"price": 5386, "isBuy": false, "qty": 309}], "bids": [{"price": 5357, "isBuy": true, "qty": 151}, {"price": 5304, "isBuy": true, "qty": 111}, {"price": 5128, "isBuy": true, "qty": 278}, {"price": 5043, "isBuy": true, "qty": 5381}, {"price": 5018, "isBuy": true, "qty": 500}, {"price": 5018, "isBuy": true, "qty": 250}, {"price": 5018, "isBuy": true, "qty": 5381}, {"price": 4993, "isBuy": true, "qty": 5381}], "symbol": "PMH", "venue": "BILEX", "ts": "2016-04-29T07:40:25.548587319Z"}, {"ok": true, "asks": [{"price": 5386, "isBuy": false, "qty": 309}], "bids": [{"price": 5304, "isBuy": true, "qty": 111}, {"price": 5128, "isBuy": true, "qty": 278}, {"price": 5043, "isBuy": true, "qty": 5381}, {"price": 5018, "isBuy": true, "qty": 500}, {"price": 5018, "isBuy": true, "qty": 250}, {"price": 5018, "isBuy": true, "qty": 5381}, {"price": 4993, "isBuy": true, "qty": 5381}], "symbol": "PMH", "venue": "BILEX", "ts": "2016-04-29T07:40:25.870924277Z"}, {"ok": true, "asks": [{"price": 5386, "isBuy": false, "qty": 309}], "bids": [{"price": 5304, "isBuy": true, "qty": 111}, {"price": 5128, "isBuy": true, "qty": 278}, {"price": 5043, "isBuy": true, "qty": 5381}, {"price": 5018, "isBuy": true, "qty": 500}, {"price": 5018, "isBuy": true, "qty": 250}, {"price": 5018, "isBuy": true, "qty": 5381}, {"price": 4993, "isBuy": true, "qty": 5381}], "symbol": "PMH", "venue": "BILEX", "ts": "2016-04-29T07:40:26.038783289Z"}, {"ok": true, "asks": [{"price": 5386, "isBuy": false, "qty": 309}], "bids": [{"price": 5304, "isBuy": true, "qty": 111}, {"price": 5128, "isBuy": true, "qty": 278}, {"price": 5043, "isBuy": true, "qty": 5381}, {"price": 5018, "isBuy": true, "qty": 500}, {"price": 5018, "isBuy": true, "qty": 250}, {"price": 5018, "isBuy": true, "qty": 5381}, {"price": 4993, "isBuy": true, "qty": 5381}], "symbol": "PMH", "venue": "BILEX", "ts": "2016-04-29T07:40:26.199912832Z"}, {"ok": true, "asks": [{"price": 5383, "isBuy": false, "qty": 4618}, {"price": 5386, "isBuy": false, "qty": 309}, {"price": 5409, "isBuy": false, "qty": 4618}, {"price": 5435, "isBuy": false, "qty": 4618}], "bids": [{"price": 5357, "isBuy": true, "qty": 121}, {"price": 5304, "isBuy": true, "qty": 111}, {"price": 5128, "isBuy": true, "qty": 278}, {"price": 5116, "isBuy": true, "qty": 5381}, {"price": 5091, "isBuy": true, "qty": 5381}, {"price": 5066, "isBuy": true, "qty": 5381}, {"price": 5018, "isBuy": true, "qty": 500}, {"price": 5018, "isBuy": true, "qty": 250}], "symbol": "PMH", "venue": "BILEX", "ts": "2016-04-29T07:40:27.613601817Z"}, {"ok": true, "asks": [{"price": 5386, "isBuy": false, "qty": 309}], "bids": [{"price": 5304, "isBuy": true, "qty": 38}, {"price": 5128, "isBuy": true, "qty": 278}, {"price": 5116, "isBuy": true, "qty": 5381}, {"price": 5091, "isBuy": true, "qty": 5381}, {"price": 5066, "isBuy": true, "qty": 5381}, {"price": 5018, "isBuy": true, "qty": 500}, {"price": 5018, "isBuy": true, "qty": 250}], "symbol": "PMH", "venue": "BILEX", "ts": "2016-04-29T07:40:29.565088739Z"}, {"ok": true, "asks": [{"price": 5386, "isBuy": false, "qty": 309}], "bids": [{"price": 5304, "isBuy": true, "qty": 38}, {"price": 5128, "isBuy": true, "qty": 278}, {"price": 5116, "isBuy": true, "qty": 5381}, {"price": 5091, "isBuy": true, "qty": 5381}, {"price": 5066, "isBuy": true, "qty": 5381}, {"price": 5018, "isBuy": true, "qty": 500}, {"price": 5018, "isBuy": true, "qty": 250}], "symbol": "PMH", "venue": "BILEX", "ts": "2016-04-29T07:40:29.731234227Z"}, {"ok": true, "asks": [{"price": 5386, "isBuy": false, "qty": 309}], "bids": [{"price": 5128, "isBuy": true, "qty": 278}, {"price": 5116, "isBuy": true, "qty": 5381}, {"price": 5091, "isBuy": true, "qty": 5381}, {"price": 5066, "isBuy": true, "qty": 5381}, {"price": 5018, "isBuy": true, "qty": 500}, {"price": 5018, "isBuy": true, "qty": 250}], "symbol": "PMH", "venue": "BILEX", "ts": "2016-04-29T07:40:30.077913824Z"}, {"ok": true, "asks": [{"price": 5386, "isBuy": false, "qty": 309}], "bids": [{"price": 5357, "isBuy": true, "qty": 80}, {"price": 5128, "isBuy": true, "qty": 278}, {"price": 5116, "isBuy": true, "qty": 5381}, {"price": 5091, "isBuy": true, "qty": 5381}, {"price": 5066, "isBuy": true, "qty": 5381}, {"price": 5018, "isBuy": true, "qty": 500}, {"price": 5018, "isBuy": true, "qty": 250}], "symbol": "PMH", "venue": "BILEX", "ts": "2016-04-29T07:40:30.245435663Z"}, {"ok": true, "asks": [{"price": 5386, "isBuy": false, "qty": 309}], "bids": [{"price": 5357, "isBuy": true, "qty": 80}, {"price": 5128, "isBuy": true, "qty": 278}, {"price": 5116, "isBuy": true, "qty": 5381}, {"price": 5091, "isBuy": true, "qty": 5381}, {"price": 5066, "isBuy": true, "qty": 5381}, {"price": 5018, "isBuy": true, "qty": 500}, {"price": 5018, "isBuy": true, "qty": 250}], "symbol": "PMH", "venue": "BILEX", "ts": "2016-04-29T07:40:30.412605379Z"}, {"ok": true, "asks": [{"price": 5332, "isBuy": false, "qty": 480}, {"price": 5386, "isBuy": false, "qty": 309}], "bids": [{"price": 5128, "isBuy": true, "qty": 278}, {"price": 5116, "isBuy": true, "qty": 5381}, {"price": 5091, "isBuy": true, "qty": 5381}, {"price": 5066, "isBuy": true, "qty": 5381}, {"price": 5018, "isBuy": true, "qty": 500}, {"price": 5018, "isBuy": true, "qty": 250}], "symbol": "PMH", "venue": "BILEX", "ts": "2016-04-29T07:40:31.712813055Z"}, {"ok": true, "asks": [{"price": 3064, "isBuy": false, "qty": 166415}, {"price": 5230, "isBuy": false, "qty": 4291}, {"price": 5256, "isBuy": false, "qty": 4291}, {"price": 5282, "isBuy": false, "qty": 4291}, {"price": 5332, "isBuy": false, "qty": 480}, {"price": 5386, "isBuy": false, "qty": 309}], "bids": null, "symbol": "PMH", "venue": "BILEX", "ts": "2016-04-29T07:40:33.782156537Z"}, {"ok": true, "asks": [{"price": 3064, "isBuy": false, "qty": 166313}, {"price": 5230, "isBuy": false, "qty": 4291}, {"price": 5256, "isBuy": false, "qty": 4291}, {"price": 5282, "isBuy": false, "qty": 4291}, {"price": 5332, "isBuy": false, "qty": 480}], "bids": null, "symbol": "PMH", "venue": "BILEX", "ts": "2016-04-29T07:40:34.09733383Z"}, {"ok": true, "asks": [{"price": 5256, "isBuy": false, "qty": 4291}, {"price": 5282, "isBuy": false, "qty": 4291}, {"price": 5332, "isBuy": false, "qty": 1073}], "bids": [{"price": 5207, "isBuy": true, "qty": 166}], "symbol": "PMH", "venue": "BILEX", "ts": "2016-04-29T07:40:37.629878197Z"}]