[{"ok": true, "asks": [{"price": 2577, "isBuy": false, "qty": 1362}, {"price": 2589, "isBuy": false, "qty": 1362}], "bids": [{"price": 2541, "isBuy": true, "qty": 8637}, {"price": 2529, "isBuy": true, "qty": 8397}, {"price": 2517, "isBuy": true, "qty": 8397}], "symbol": "UMS", "venue": "CUTNEX", "ts": "2016-04-26T17:35:11.973948701Z"}, {"ok": true, "asks": [{"price": 2499, "isBuy": false, "qty": 3851}, {"price": 2511, "isBuy": false, "qty": 3851}, {"price": 2523, "isBuy": false, "qty": 3851}, {"price": 2537, "isBuy": false, "qty": 499}], "bids": [{"price": 1513, "isBuy": true, "qty": 15039}, {"price": 1492, "isBuy": true, "qty": 6148}, {"price": 1485, "isBuy": true, "qty": 6148}, {"price": 1478, "isBuy": true, "qty": 6148}], "symbol": "UMS", "venue": "CUTNEX", "ts": "2016-04-26T17:35:15.265883468Z"}, {"ok": true, "asks": [{"price": 2499, "isBuy": false, "qty": 3851}, {"price": 2511, "isBuy": false, "qty": 3851}, {"price": 2523, "isBuy": false, "qty": 3851}, {"price": 2537, "isBuy": false, "qty": 499}], "bids": [{"price": 1513, "isBuy": true, "qty": 15039}, {"price": 1492, "isBuy": true, "qty": 6148}, {"price": 1485, "isBuy": true, "qty": 6148}, {"price": 1478, "isBuy": true, "qty": 6148}], "symbol": "UMS", "venue": "CUTNEX", "ts": "2016-04-26T17:35:15.633332705Z"}, {"ok": true, "asks": [{"price": 2499, "isBuy": false, "qty": 3851}, {"price": 2511, "isBuy": false, "qty": 3851}, {"price": 2523, "isBuy": false, "qty": 3851}, {"price": 2537, "isBuy": false, "qty": 499}], "bids": [{"price": 1513, "isBuy": true, "qty": 15039}, {"price": 1492, "isBuy": true, "qty": 6148}, {"price": 1485, "isBuy": true, "qty": 6148}, {"price": 1478, "isBuy": true, "qty": 6148}], "symbol": "UMS", "venue": "CUTNEX", "ts": "2016-04-26T17:35:16.47339972Z"}, {"ok": true, "asks": [{"price": 2499, "isBuy": false, "qty": 3851}, {"price": 2511, "isBuy": false, "qty": 3851}, {"price": 2523, "isBuy": false, "qty": 3851}, {"price": 2537, "isBuy": false, "qty": 499}], "bids": [{"price": 1513, "isBuy": true, "qty": 15039}, {"price": 1492, "isBuy": true, "qty": 6148}, {"price": 1485, "isBuy": true, "qty": 6148}, {"price": 1478, "isBuy": true, "qty": 6148}], "symbol": "UMS", "venue": "CUTNEX", "ts": "2016-04-26T17:35:17.678832809Z"}, {"ok": true, "asks": [{"price": 2460, "isBuy": false, "qty": 499}, {"price": 2499, "isBuy": false, "qty": 3851}, {"price": 2511, "isBuy": false, "qty": 3851}, {"price": 2523, "isBuy": false, "qty": 3851}, {"price": 2537, "isBuy": false, "qty": 499}], "bids": [{"price": 1521, "isBuy": true, "qty": 499}, {"price": 1513, "isBuy": true, "qty": 15039}, {"price": 1492, "isBuy": true, "qty": 6148}, {"price": 1485, "isBuy": true, "qty": 6148}, {"price": 1478, "isBuy": true, "qty": 6148}], "symbol": "UMS", "venue": "CUTNEX", "ts": "2016-04-26T17:35:18.897883948Z"}, {"ok": true, "asks": [{"price": 2460, "isBuy": false, "qty": 499}, {"price": 2499, "isBuy": false, "qty": 3851}, {"price": 2511, "isBuy": false, "qty": 3851}, {"price": 2523, "isBuy": false, "qty": 3851}, {"price": 2537, "isBuy": false, "qty": 499}], "bids": [{"price": 1521, "isBuy": true, "qty": 499}, {"price": 1513, "isBuy": true, "qty": 15039}, {"price": 1492, "isBuy": true, "qty": 6148}, {"price": 1485, "isBuy": true, "qty": 6148}, {"price": 1478, "isBuy": true, "qty": 6148}], "symbol": "UMS", "venue": "CUTNEX", "ts": "2016-04-26T17:35:18.995256799Z"}, {"ok": true, "asks": [{"price": 2499, "isBuy": false, "qty": 2965}, {"price": 2511, "isBuy": false, "qty": 3851}, {"price": 2523, "isBuy": false, "qty": 3851}, {"price": 2537, "isBuy": false, "qty": 499}], "bids": [{"price": 1492, "isBuy": true, "qty": 6148}, {"price": 1485, "isBuy": true, "qty": 6148}, {"price": 1478, "isBuy": true, "qty": 6148}], "symbol": "UMS", "venue": "CUTNEX", "ts": "2016-04-26T17:35:19.19544313Z"}, {"ok": true, "asks": [{"price": 2510, "isBuy": false, "qty": 3631}, {"price": 2522, "isBuy": false, "qty": 3631}, {"price": 2534, "isBuy": false, "qty": 3631}, {"price": 2537, "isBuy": false, "qty": 499}], "bids": [{"price": 2486, "isBuy": true, "qty": 6368}, {"price": 2474, "isBuy": true, "qty": 6368}, {"price": 2462, "isBuy": true, "qty": 6187}], "symbol": "UMS", "venue": "CUTNEX", "ts": "2016-04-26T17:35:20.317645256Z"}, {"ok": true, "asks": [{"price": 2510, "isBuy": false, "qty": 3631}, {"price": 2522, "isBuy": false, "qty": 3631}, {"price": 2534, "isBuy": false, "qty": 3631}, {"price": 2537, "isBuy": false, "qty": 499}], "bids": [{"price": 2486, "isBuy": true, "qty": 6368}, {"price": 2474, "isBuy": true, "qty": 6368}, {"price": 2462, "isBuy": true, "qty": 6187}], "symbol": "UMS", "venue": "CUTNEX", "ts": "2016-04-26T17:35:21.505044751Z"}, {"ok": true, "asks": [{"price": 2510, "isBuy": false, "qty": 3631}, {"price": 2522, "isBuy": false, "qty": 3631}, {"price": 2534, "isBuy": false, "qty": 3631}, {"price": 2537, "isBuy": false, "qty": 499}], "bids": [{"price": 2486, "isBuy": true, "qty": 6118}, {"price": 2474, "isBuy": true, "qty": 6368}, {"price": 2462, "isBuy": true, "qty": 6187}, {"price": 1514, "isBuy": true, "qty": 749}], "symbol": "UMS", "venue": "CUTNEX", "ts": "2016-04-26T17:35:22.359341079Z"}, {"ok": true, "asks": [{"price": 2510, "isBuy": false, "qty": 3631}, {"price": 2522, "isBuy": false, "qty": 3631}, {"price": 2534, "isBuy": false, "qty": 3631}, {"price": 2537, "isBuy": false, "qty": 499}], "bids": [{"price": 2486, "isBuy": true, "qty": 6118}, {"price": 2474, "isBuy": true, "qty": 6368}, {"price": 2462, "isBuy": true, "qty": 6187}, {"price": 1514, "isBuy": true, "qty": 749}], "symbol": "UMS", "venue": "CUTNEX", "ts": "2016-04-26T17:35:22.718662809Z"}, {"ok": true, "asks": [{"price": 2510, "isBuy": false, "qty": 3631}, {"price": 2522, "isBuy": false, "qty": 3631}, {"price": 2534, "isBuy": false, "qty": 3631}, {"price": 2537, "isBuy": false, "qty": 499}], "bids": [{"price": 2486, "isBuy": true, "qty": 6118}, {"price": 2474, "isBuy": true, "qty": 6368}, {"price": 2462, "isBuy": true, "qty": 6187}, {"price": 1514, "isBuy": true, "qty": 749}], "symbol": "UMS", "venue": "CUTNEX", "ts": "2016-04-26T17:35:22.818462386Z"}, {"ok": true, "asks": [{"price": 2537, "isBuy": false, "qty": 499}], "bids": [{"price": 2510, "isBuy": true, "qty": 678}, {"price": 2443, "isBuy": true, "qty": 6416}, {"price": 2431, "isBuy": true, "qty": 6416}, {"price": 2419, "isBuy": true, "qty": 6416}, {"price": 1514, "isBuy": true, "qty": 749}], "symbol": "UMS", "venue": "CUTNEX", "ts": "2016-04-26T17:35:24.181207702Z"}, {"ok": true, "asks": [{"price": 2537, "isBuy": false, "qty": 499}], "bids": [{"price": 2510, "isBuy": true, "qty": 678}, {"price": 2443, "isBuy": true, "qty": 6416}, {"price": 2431, "isBuy": true, "qty": 6416}, {"price": 2419, "isBuy": true, "qty": 6416}, {"price": 1514, "isBuy": true, "qty": 749}], "symbol": "UMS", "venue": "CUTNEX", "ts": "2016-04-26T17:35:24.312326682Z"}, {"ok": true, "asks": [{"price": 2537, "isBuy": false, "qty": 499}], "bids": [{"price": 2510, "isBuy": true, "qty": 678}, {"price": 2443, "isBuy": true, "qty": 6416}, {"price": 2431, "isBuy": true, "qty": 6416}, {"price": 2419, "isBuy": true, "qty": 6416}, {"price": 1514, "isBuy": true, "qty": 749}], "symbol": "UMS", "venue": "CUTNEX", "ts": "2016-04-26T17:35:25.224343408Z"}, {"ok": true, "asks": [{"price": 2537, "isBuy": false, "qty": 499}], "bids": [{"price": 2510, "isBuy": true, "qty": 678}, {"price": 2443, "isBuy": true, "qty": 6416}, {"price": 2431, "isBuy": true, "qty": 6416}, {"price": 2419, "isBuy": true, "qty": 6416}, {"price": 1514, "isBuy": true, "qty": 749}], "symbol": "UMS", "venue": "CUTNEX", "ts": "2016-04-26T17:35:25.579810041Z"}, {"ok": true, "asks": [{"price": 2537, "isBuy": false, "qty": 499}], "bids": [{"price": 2510, "isBuy": true, "qty": 678}, {"price": 2443, "isBuy": true, "qty": 6416}, {"price": 2431, "isBuy": true, "qty": 6416}, {"price": 2419, "isBuy": true, "qty": 6416}, {"price": 1514, "isBuy": true, "qty": 749}], "symbol": "UMS", "venue": "CUTNEX", "ts": "2016-04-26T17:35:25.736542716Z"}, {"ok": true, "asks": [{"price": 2537, "isBuy": false, "qty": 499}], "bids": [{"price": 2510, "isBuy": true, "qty": 678}, {"price": 2443, "isBuy": true, "qty": 6416}, {"price": 2431, "isBuy": true, "qty": 6416}, {"price": 2419, "isBuy": true, "qty": 6416}, {"price": 1514, "isBuy": true, "qty": 749}], "symbol": "UMS", "venue": "CUTNEX", "ts": "2016-04-26T17:35:26.996950347Z"}, {"ok": true, "asks": [{"price": 2537, "isBuy": false, "qty": 499}], "bids": [{"price": 2510, "isBuy": true, "qty": 678}, {"price": 2443, "isBuy": true, "qty": 6416}, {"price": 2431, "isBuy": true, "qty": 6416}, {"price": 2419, "isBuy": true, "qty": 6416}, {"price": 1514, "isBuy": true, "qty": 749}], "symbol": "UMS", "venue": "CUTNEX", "ts": "2016-04-26T17:35:27.098231033Z"}, {"ok": true, "asks": [{"price": 2537, "isBuy": false, "qty": 499}], "bids": [{"price": 2510, "isBuy": true, "qty": 678}, {"price": 2443, "isBuy": true, "qty": 6416}, {"price": 2431, "isBuy": true, "qty": 6416}, {"price": 2419, "isBuy": true, "qty": 6416}, {"price": 1514, "isBuy": true, "qty": 749}], "symbol": "UMS", "venue": "CUTNEX", "ts": "2016-04-26T17:35:28.287441421Z"}, {"ok": true, "asks": [{"price": 2537, "isBuy": false, "qty": 499}], "bids": [{"price": 2510, "isBuy": true, "qty": 678}, {"price": 2443, "isBuy": true, "qty": 6416}, {"price": 2431, "isBuy": true, "qty": 6416}, {"price": 2419, "isBuy": true, "qty": 6416}, {"price": 1514, "isBuy": true, "qty": 749}], "symbol": "UMS", "venue": "CUTNEX", "ts": "2016-04-26T17:35:28.290585866Z"}, {"ok": true, "asks": [{"price": 2537, "isBuy": false, "qty": 499}], "bids": [{"price": 2510, "isBuy": true, "qty": 678}, {"price": 2443, "isBuy": true, "qty": 6416}, {"price": 2431, "isBuy": true, "qty": 6416}, {"price": 2419, "isBuy": true, "qty": 6416}, {"price": 1514, "isBuy": true, "qty": 749}], "symbol": "UMS", "venue": "CUTNEX", "ts": "2016-04-26T17:35:28.389052469Z"}, {"ok": true, "asks": [{"price": 2467, "isBuy": false, "qty": 3169}, {"price": 2479, "isBuy": false, "qty": 3473}, {"price": 2491, "isBuy": false, "qty": 3473}], "bids": [{"price": 2443, "isBuy": true, "qty": 67}, {"price": 2431, "isBuy": true, "qty": 67}, {"price": 2419, "isBuy": true, "qty": 67}, {"price": 1514, "isBuy": true, "qty": 749}], "symbol": "UMS", "venue": "CUTNEX", "ts": "2016-04-26T17:35:29.581583068Z"}, {"ok": true, "asks": [{"price": 2467, "isBuy": false, "qty": 3169}, {"price": 2479, "isBuy": false, "qty": 3473}, {"price": 2491, "isBuy": false, "qty": 3473}], "bids": [{"price": 2443, "isBuy": true, "qty": 67}, {"price": 2431, "isBuy": true, "qty": 67}, {"price": 2419, "isBuy": true, "qty": 67}, {"price": 1514, "isBuy": true, "qty": 749}], "symbol": "UMS", "venue": "CUTNEX", "ts": "2016-04-26T17:35:30.796042228Z"}, {"ok": true, "asks": [{"price": 2467, "isBuy": false, "qty": 3169}, {"price": 2479, "isBuy": false, "qty": 3473}, {"price": 2491, "isBuy": false, "qty": 3473}], "bids": [{"price": 2443, "isBuy": true, "qty": 67}, {"price": 2431, "isBuy": true, "qty": 67}, {"price": 2419, "isBuy": true, "qty": 67}, {"price": 1514, "isBuy": true, "qty": 749}], "symbol": "UMS", "venue": "CUTNEX", "ts": "2016-04-26T17:35:32.158987946Z"}]