[{"ok": true, "asks": [{"price": 3499, "isBuy": false, "qty": 4974}, {"price": 3516, "isBuy": false, "qty": 4997}, {"price": 3533, "isBuy": false, "qty": 4997}], "bids": [{"price": 3385, "isBuy": true, "qty": 5000}, {"price": 3368, "isBuy": true, "qty": 5000}, {"price": 3351, "isBuy": true, "qty": 5000}], "symbol": "TFC", "venue": "BIYQEX", "ts": "2016-04-30T00:15:47.349450467Z"}, {"ok": true, "asks": [{"price": 3482, "isBuy": false, "qty": 4919}], "bids": [{"price": 3448, "isBuy": true, "qty": 5011}, {"price": 3431, "isBuy": true, "qty": 5011}, {"price": 3414, "isBuy": true, "qty": 5011}, {"price": 3401, "isBuy": true, "qty": 500}], "symbol": "TFC", "venue": "BIYQEX", "ts": "2016-04-30T00:15:49.471287159Z"}, {"ok": true, "asks": [{"price": 3480, "isBuy": false, "qty": 500}, {"price": 3482, "isBuy": false, "qty": 4919}], "bids": [{"price": 3448, "isBuy": true, "qty": 5011}, {"price": 3431, "isBuy": true, "qty": 5011}, {"price": 3414, "isBuy": true, "qty": 5011}, {"price": 3401, "isBuy": true, "qty": 500}], "symbol": "TFC", "venue": "BIYQEX", "ts": "2016-04-30T00:15:50.076967403Z"}, {"ok": true, "asks": [{"price": 3480, "isBuy": false, "qty": 500}, {"price": 3482, "isBuy": false, "qty": 4919}], "bids": [{"price": 3465, "isBuy": true, "qty": 250}, {"price": 3448, "isBuy": true, "qty": 5011}, {"price": 3431, "isBuy": true, "qty": 5011}, {"price": 3414, "isBuy": true, "qty": 5011}, {"price": 3401, "isBuy": true, "qty": 500}], "symbol": "TFC", "venue": "BIYQEX", "ts": "2016-04-30T00:15:51.45655655Z"}, {"ok": true, "asks": [{"price": 3480, "isBuy": false, "qty": 500}, {"price": 3482, "isBuy": false, "qty": 4919}], "bids": [{"price": 3465, "isBuy": true, "qty": 250}, {"price": 3448, "isBuy": true, "qty": 5011}, {"price": 3431, "isBuy": true, "qty": 5011}, {"price": 3414, "isBuy": true, "qty": 5011}, {"price": 3401, "isBuy": true, "qty": 500}], "symbol": "TFC", "venue": "BIYQEX", "ts": "2016-04-30T00:15:51.675046936Z"}, {"ok": true, "asks": [{"price": 3480, "isBuy": false, "qty": 500}, {"price": 3482, "isBuy": false, "qty": 4919}], "bids": [{"price": 3448, "isBuy": true, "qty": 5011}, {"price": 3431, "isBuy": true, "qty": 5011}, {"price": 3414, "isBuy": true, "qty": 5011}, {"price": 3401, "isBuy": true, "qty": 500}], "symbol": "TFC", "venue": "BIYQEX", "ts": "2016-04-30T00:15:51.908397289Z"}, {"ok": true, "asks": [{"price": 3480, "isBuy": false, "qty": 500}, {"price": 3482, "isBuy": false, "qty": 4919}], "bids": [{"price": 3448, "isBuy": true, "qty": 5011}, {"price": 3431, "isBuy": true, "qty": 5011}, {"price": 3414, "isBuy": true, "qty": 5011}, {"price": 3401, "isBuy": true, "qty": 500}], "symbol": "TFC", "venue": "BIYQEX", "ts": "2016-04-30T00:15:52.002432799Z"}, {"ok": true, "asks": [{"price": 3480, "isBuy": false, "qty": 250}, {"price": 3482, "isBuy": false, "qty": 4919}], "bids": [{"price": 3448, "isBuy": true, "qty": 5011}, {"price": 3431, "isBuy": true, "qty": 5011}, {"price": 3414, "isBuy": true, "qty": 5011}, {"price": 3401, "isBuy": true, "qty": 500}], "symbol": "TFC", "venue": "BIYQEX", "ts": "2016-04-30T00:15:53.140538782Z"}, {"ok": true, "asks": [{"price": 3478, "isBuy": false, "qty": 4974}, {"price": 3480, "isBuy": false, "qty": 250}, {"price": 3495, "isBuy": false, "qty": 4974}, {"price": 3512, "isBuy": false, "qty": 4974}], "bids": [{"price": 3444, "isBuy": true, "qty": 5024}, {"price": 3427, "isBuy": true, "qty": 5024}, {"price": 3410, "isBuy": true, "qty": 5024}, {"price": 3401, "isBuy": true, "qty": 500}], "symbol": "TFC", "venue": "BIYQEX", "ts": "2016-04-30T00:15:54.195942918Z"}, {"ok": true, "asks": [{"price": 3478, "isBuy": false, "qty": 4974}, {"price": 3480, "isBuy": false, "qty": 250}, {"price": 3495, "isBuy": false, "qty": 4974}, {"price": 3512, "isBuy": false, "qty": 4974}], "bids": [{"price": 3465, "isBuy": true, "qty": 250}, {"price": 3444, "isBuy": true, "qty": 5024}, {"price": 3427, "isBuy": true, "qty": 5024}, {"price": 3410, "isBuy": true, "qty": 5024}, {"price": 3401, "isBuy": true, "qty": 500}], "symbol": "TFC", "venue": "BIYQEX", "ts": "2016-04-30T00:15:54.324845743Z"}, {"ok": true, "asks": [{"price": 3478, "isBuy": false, "qty": 4974}, {"price": 3480, "isBuy": false, "qty": 250}, {"price": 3495, "isBuy": false, "qty": 4974}, {"price": 3512, "isBuy": false, "qty": 4974}], "bids": [{"price": 3465, "isBuy": true, "qty": 250}, {"price": 3444, "isBuy": true, "qty": 5024}, {"price": 3427, "isBuy": true, "qty": 5024}, {"price": 3410, "isBuy": true, "qty": 5024}, {"price": 3401, "isBuy": true, "qty": 500}], "symbol": "TFC", "venue": "BIYQEX", "ts": "2016-04-30T00:15:54.76029876Z"}, {"ok": true, "asks": [{"price": 3478, "isBuy": false, "qty": 4849}, {"price": 3480, "isBuy": false, "qty": 250}, {"price": 3495, "isBuy": false, "qty": 4974}, {"price": 3512, "isBuy": false, "qty": 4974}], "bids": [{"price": 3465, "isBuy": true, "qty": 250}, {"price": 3444, "isBuy": true, "qty": 5024}, {"price": 3427, "isBuy": true, "qty": 5024}, {"price": 3410, "isBuy": true, "qty": 5024}, {"price": 3401, "isBuy": true, "qty": 500}], "symbol": "TFC", "venue": "BIYQEX", "ts": "2016-04-30T00:15:56.520167835Z"}, {"ok": true, "asks": [{"price": 3478, "isBuy": false, "qty": 4849}, {"price": 3480, "isBuy": false, "qty": 250}, {"price": 3495, "isBuy": false, "qty": 4974}, {"price": 3512, "isBuy": false, "qty": 4974}], "bids": [{"price": 3465, "isBuy": true, "qty": 250}, {"price": 3444, "isBuy": true, "qty": 5024}, {"price": 3427, "isBuy": true, "qty": 5024}, {"price": 3410, "isBuy": true, "qty": 5024}, {"price": 3401, "isBuy": true, "qty": 500}], "symbol": "TFC", "venue": "BIYQEX", "ts": "2016-04-30T00:15:56.596918484Z"}, {"ok": true, "asks": [{"price": 3478, "isBuy": false, "qty": 4849}, {"price": 3480, "isBuy": false, "qty": 250}, {"price": 3495, "isBuy": false, "qty": 4974}, {"price": 3512, "isBuy": false, "qty": 4974}], "bids": [{"price": 3444, "isBuy": true, "qty": 5024}, {"price": 3427, "isBuy": true, "qty": 5024}, {"price": 3410, "isBuy": true, "qty": 5024}, {"price": 3401, "isBuy": true, "qty": 500}], "symbol": "TFC", "venue": "BIYQEX", "ts": "2016-04-30T00:15:56.84504076Z"}, {"ok": true, "asks": [{"price": 3478, "isBuy": false, "qty": 4849}, {"price": 3480, "isBuy": false, "qty": 250}, {"price": 3495, "isBuy": false, "qty": 4974}, {"price": 3512, "isBuy": false, "qty": 4974}], "bids": [{"price": 3444, "isBuy": true, "qty": 5024}, {"price": 3427, "isBuy": true, "qty": 5024}, {"price": 3410, "isBuy": true, "qty": 5024}, {"price": 3401, "isBuy": true, "qty": 500}], "symbol": "TFC", "venue": "BIYQEX", "ts": "2016-04-30T00:15:56.940300669Z"}, {"ok": true, "asks": [{"price": 3478, "isBuy": false, "qty": 4662}, {"price": 3480, "isBuy": false, "qty": 250}, {"price": 3495, "isBuy": false, "qty": 4974}, {"price": 3512, "isBuy": false, "qty": 4974}], "bids": [{"price": 3444, "isBuy": true, "qty": 5024}, {"price": 3427, "isBuy": true, "qty": 5024}, {"price": 3410, "isBuy": true, "qty": 5024}, {"price": 3401, "isBuy": true, "qty": 500}], "symbol": "TFC", "venue": "BIYQEX", "ts": "2016-04-30T00:15:58.293223975Z"}, {"ok": true, "asks": null, "bids": [{"price": 3494, "isBuy": true, "qty": 601}, {"price": 3492, "isBuy": true, "qty": 351}, {"price": 3401, "isBuy": true, "qty": 500}, {"price": 3127, "isBuy": true, "qty": 5056}, {"price": 3112, "isBuy": true, "qty": 5056}, {"price": 3097, "isBuy": true, "qty": 5056}], "symbol": "TFC", "venue": "BIYQEX", "ts": "2016-04-30T00:15:59.144012784Z"}, {"ok": true, "asks": null, "bids": [{"price": 3494, "isBuy": true, "qty": 601}, {"price": 3492, "isBuy": true, "qty": 351}, {"price": 3461, "isBuy": true, "qty": 219}, {"price": 3401, "isBuy": true, "qty": 500}, {"price": 3127, "isBuy": true, "qty": 5056}, {"price": 3112, "isBuy": true, "qty": 5056}, {"price": 3097, "isBuy": true, "qty": 5056}], "symbol": "TFC", "venue": "BIYQEX", "ts": "2016-04-30T00:16:01.110260521Z"}, {"ok": true, "asks": null, "bids": [{"price": 3494, "isBuy": true, "qty": 601}, {"price": 3492, "isBuy": true, "qty": 351}, {"price": 3461, "isBuy": true, "qty": 219}, {"price": 3401, "isBuy": true, "qty": 500}, {"price": 3127, "isBuy": true, "qty": 5056}, {"price": 3112, "isBuy": true, "qty": 5056}, {"price": 3097, "isBuy": true, "qty": 5056}], "symbol": "TFC", "venue": "BIYQEX", "ts": "2016-04-30T00:16:01.442430902Z"}, {"ok": true, "asks": null, "bids": [{"price": 3494, "isBuy": true, "qty": 601}, {"price": 3492, "isBuy": true, "qty": 351}, {"price": 3461, "isBuy": true, "qty": 219}, {"price": 3401, "isBuy": true, "qty": 500}, {"price": 3127, "isBuy": true, "qty": 5056}, {"price": 3112, "isBuy": true, "qty": 5056}, {"price": 3097, "isBuy": true, "qty": 5056}], "symbol": "TFC", "venue": "BIYQEX", "ts": "2016-04-30T00:16:01.562087102Z"}, {"ok": true, "asks": null, "bids": [{"price": 3494, "isBuy": true, "qty": 601}, {"price": 3492, "isBuy": true, "qty": 351}, {"price": 3461, "isBuy": true, "qty": 219}, {"price": 3401, "isBuy": true, "qty": 500}, {"price": 3127, "isBuy": true, "qty": 5056}, {"price": 3112, "isBuy": true, "qty": 5056}, {"price": 3097, "isBuy": true, "qty": 5056}], "symbol": "TFC", "venue": "BIYQEX", "ts": "2016-04-30T00:16:01.717960607Z"}, {"ok": true, "asks": null, "bids": [{"price": 3494, "isBuy": true, "qty": 601}, {"price": 3492, "isBuy": true, "qty": 351}, {"price": 3461, "isBuy": true, "qty": 219}, {"price": 3401, "isBuy": true, "qty": 500}, {"price": 3127, "isBuy": true, "qty": 5056}, {"price": 3112, "isBuy": true, "qty": 5056}, {"price": 3097, "isBuy": true, "qty": 5056}], "symbol": "TFC", "venue": "BIYQEX", "ts": "2016-04-30T00:16:03.096668797Z"}, {"ok": true, "asks": null, "bids": [{"price": 3461, "isBuy": true, "qty": 219}, {"price": 3401, "isBuy": true, "qty": 500}, {"price": 3142, "isBuy": true, "qty": 5056}], "symbol": "TFC", "venue": "BIYQEX", "ts": "2016-04-30T00:16:03.842905441Z"}, {"ok": true, "asks": null, "bids": [{"price": 3461, "isBuy": true, "qty": 219}, {"price": 3401, "isBuy": true, "qty": 500}, {"price": 3142, "isBuy": true, "qty": 5056}], "symbol": "TFC", "venue": "BIYQEX", "ts": "2016-04-30T00:16:03.95462659Z"}, {"ok": true, "asks": null, "bids": [{"price": 3401, "isBuy": true, "qty": 500}, {"price": 3142, "isBuy": true, "qty": 5056}], "symbol": "TFC", "venue": "BIYQEX", "ts": "2016-04-30T00:16:04.871505139Z"}, {"ok": true, "asks": null, "bids": [{"price": 3401, "isBuy": true, "qty": 500}, {"price": 3142, "isBuy": true, "qty": 5056}], "symbol": "TFC", "venue": "BIYQEX", "ts": "2016-04-30T00:16:06.261905862Z"}, {"ok": true, "asks": null, "bids": [{"price": 3173, "isBuy": true, "qty": 219}, {"price": 3142, "isBuy": true, "qty": 5056}], "symbol": "TFC", "venue": "BIYQEX", "ts": "2016-04-30T00:16:06.946430467Z"}, {"ok": true, "asks": [{"price": 3433, "isBuy": false, "qty": 4761}, {"price": 3450, "isBuy": false, "qty": 4761}, {"price": 3467, "isBuy": false, "qty": 4761}], "bids": [{"price": 3276, "isBuy": true, "qty": 5056}, {"price": 3260, "isBuy": true, "qty": 5056}, {"price": 3244, "isBuy": true, "qty": 5056}, {"price": 3173, "isBuy": true, "qty": 219}, {"price": 3173, "isBuy": true, "qty": 359}], "symbol": "TFC", "venue": "BIYQEX", "ts": "2016-04-30T00:16:08.558544006Z"}, {"ok": true, "asks": [{"price": 3433, "isBuy": false, "qty": 4761}, {"price": 3450, "isBuy": false, "qty": 4761}, {"price": 3467, "isBuy": false, "qty": 4761}], "bids": [{"price": 3276, "isBuy": true, "qty": 5056}, {"price": 3260, "isBuy": true, "qty": 5056}, {"price": 3244, "isBuy": true, "qty": 5056}, {"price": 3173, "isBuy": true, "qty": 219}, {"price": 3173, "isBuy": true, "qty": 359}], "symbol": "TFC", "venue": "BIYQEX", "ts": "2016-04-30T00:16:08.653733254Z"}, {"ok": true, "asks": [{"price": 3433, "isBuy": false, "qty": 4761}, {"price": 3450, "isBuy": false, "qty": 4761}, {"price": 3467, "isBuy": false, "qty": 4761}], "bids": [{"price": 3276, "isBuy": true, "qty": 5056}, {"price": 3260, "isBuy": true, "qty": 5056}, {"price": 3244, "isBuy": true, "qty": 5056}, {"price": 3173, "isBuy": true, "qty": 219}, {"price": 3173, "isBuy": true, "qty": 359}], "symbol": "TFC", "venue": "BIYQEX", "ts": "2016-04-30T00:16:08.719775165Z"}, {"ok": true, "asks": [{"price": 3433, "isBuy": false, "qty": 4761}, {"price": 3450, "isBuy": false, "qty": 4761}, {"price": 3467, "isBuy": false, "qty": 4761}], "bids": [{"price": 3292, "isBuy": true, "qty": 180}, {"price": 3276, "isBuy": true, "qty": 5056}, {"price": 3260, "isBuy": true, "qty": 5056}, {"price": 3244, "isBuy": true, "qty": 5056}, {"price": 3173, "isBuy": true, "qty": 219}, {"price": 3173, "isBuy": true, "qty": 359}], "symbol": "TFC", "venue": "BIYQEX", "ts": "2016-04-30T00:16:10.344824632Z"}, {"ok": true, "asks": [{"price": 3433, "isBuy": false, "qty": 4761}, {"price": 3450, "isBuy": false, "qty": 4761}, {"price": 3467, "isBuy": false, "qty": 4761}], "bids": [{"price": 3292, "isBuy": true, "qty": 180}, {"price": 3276, "isBuy": true, "qty": 5056}, {"price": 3260, "isBuy": true, "qty": 5056}, {"price": 3244, "isBuy": true, "qty": 5056}, {"price": 3173, "isBuy": true, "qty": 219}, {"price": 3173, "isBuy": true, "qty": 359}], "symbol": "TFC", "venue": "BIYQEX", "ts": "2016-04-30T00:16:10.850499899Z"}, {"ok": true, "asks": [{"price": 3433, "isBuy": false, "qty": 4761}, {"price": 3450, "isBuy": false, "qty": 4761}, {"price": 3467, "isBuy": false, "qty": 4761}], "bids": [{"price": 3276, "isBuy": true, "qty": 5056}, {"price": 3260, "isBuy": true, "qty": 5056}, {"price": 3244, "isBuy": true, "qty": 5056}, {"price": 3173, "isBuy": true, "qty": 219}, {"price": 3173, "isBuy": true, "qty": 359}], "symbol": "TFC", "venue": "BIYQEX", "ts": "2016-04-30T00:16:11.046819763Z"}, {"ok": true, "asks": [{"price": 3433, "isBuy": false, "qty": 4761}, {"price": 3450, "isBuy": false, "qty": 4761}, {"price": 3467, "isBuy": false, "qty": 4761}], "bids": [{"price": 3276, "isBuy": true, "qty": 5056}, {"price": 3260, "isBuy": true, "qty": 5056}, {"price": 3244, "isBuy": true, "qty": 5056}, {"price": 3173, "isBuy": true, "qty": 219}, {"price": 3173, "isBuy": true, "qty": 359}], "symbol": "TFC", "venue": "BIYQEX", "ts": "2016-04-30T00:16:11.142487999Z"}, {"ok": true, "asks": [{"price": 3433, "isBuy": false, "qty": 4761}, {"price": 3450, "isBuy": false, "qty": 4761}, {"price": 3467, "isBuy": false, "qty": 4761}], "bids": [{"price": 3308, "isBuy": true, "qty": 180}, {"price": 3276, "isBuy": true, "qty": 5056}, {"price": 3260, "isBuy": true, "qty": 5056}, {"price": 3244, "isBuy": true, "qty": 5056}, {"price": 3173, "isBuy": true, "qty": 219}, {"price": 3173, "isBuy": true, "qty": 359}], "symbol": "TFC", "venue": "BIYQEX", "ts": "2016-04-30T00:16:12.075798373Z"}, {"ok": true, "asks": [{"price": 3433, "isBuy": false, "qty": 4761}, {"price": 3450, "isBuy": false, "qty": 4761}, {"price": 3467, "isBuy": false, "qty": 4761}], "bids": [{"price": 3308, "isBuy": true, "qty": 180}, {"price": 3308, "isBuy": true, "qty": 90}, {"price": 3276, "isBuy": true, "qty": 5056}, {"price": 3260, "isBuy": true, "qty": 5056}, {"price": 3244, "isBuy": true, "qty": 5056}, {"price": 3173, "isBuy": true, "qty": 219}, {"price": 3173, "isBuy": true, "qty": 359}], "symbol": "TFC", "venue": "BIYQEX", "ts": "2016-04-30T00:16:13.346852945Z"}, {"ok": true, "asks": [{"price": 3433, "isBuy": false, "qty": 4761}, {"price": 3450, "isBuy": false, "qty": 4761}, {"price": 3467, "isBuy": false, "qty": 4761}], "bids": [{"price": 3308, "isBuy": true, "qty": 180}, {"price": 3308, "isBuy": true, "qty": 90}, {"price": 3276, "isBuy": true, "qty": 5056}, {"price": 3260, "isBuy": true, "qty": 5056}, {"price": 3244, "isBuy": true, "qty": 5056}, {"price": 3173, "isBuy": true, "qty": 219}, {"price": 3173, "isBuy": true, "qty": 359}], "symbol": "TFC", "venue": "BIYQEX", "ts": "2016-04-30T00:16:13.451732949Z"}, {"ok": true, "asks": [{"price": 3382, "isBuy": false, "qty": 8}, {"price": 3464, "isBuy": false, "qty": 4787}, {"price": 3481, "isBuy": false, "qty": 4787}, {"price": 3498, "isBuy": false, "qty": 4787}], "bids": [{"price": 3308, "isBuy": true, "qty": 180}, {"price": 3308, "isBuy": true, "qty": 90}, {"price": 3173, "isBuy": true, "qty": 219}, {"price": 3173, "isBuy": true, "qty": 359}], "symbol": "TFC", "venue": "BIYQEX", "ts": "2016-04-30T00:16:13.56964823Z"}, {"ok": true, "asks": [{"price": 3382, "isBuy": false, "qty": 8}, {"price": 3464, "isBuy": false, "qty": 4787}, {"price": 3481, "isBuy": false, "qty": 4787}, {"price": 3498, "isBuy": false, "qty": 4787}], "bids": [{"price": 3308, "isBuy": true, "qty": 180}, {"price": 3308, "isBuy": true, "qty": 90}, {"price": 3173, "isBuy": true, "qty": 219}, {"price": 3173, "isBuy": true, "qty": 359}], "symbol": "TFC", "venue": "BIYQEX", "ts": "2016-04-30T00:16:13.688978729Z"}, {"ok": true, "asks": [{"price": 3382, "isBuy": false, "qty": 8}, {"price": 3464, "isBuy": false, "qty": 4787}, {"price": 3481, "isBuy": false, "qty": 4787}, {"price": 3498, "isBuy": false, "qty": 4787}], "bids": [{"price": 3308, "isBuy": true, "qty": 180}, {"price": 3308, "isBuy": true, "qty": 90}, {"price": 3173, "isBuy": true, "qty": 219}, {"price": 3173, "isBuy": true, "qty": 359}], "symbol": "TFC", "venue": "BIYQEX", "ts": "2016-04-30T00:16:13.848726108Z"}, {"ok": true, "asks": [{"price": 3382, "isBuy": false, "qty": 8}, {"price": 3464, "isBuy": false, "qty": 4787}, {"price": 3481, "isBuy": false, "qty": 4787}, {"price": 3498, "isBuy": false, "qty": 4787}], "bids": [{"price": 3341, "isBuy": true, "qty": 45}, {"price": 3308, "isBuy": true, "qty": 180}, {"price": 3308, "isBuy": true, "qty": 90}, {"price": 3173, "isBuy": true, "qty": 219}, {"price": 3173, "isBuy": true, "qty": 359}], "symbol": "TFC", "venue": "BIYQEX", "ts": "2016-04-30T00:16:15.54702325Z"}, {"ok": true, "asks": [{"price": 3382, "isBuy": false, "qty": 8}, {"price": 3464, "isBuy": false, "qty": 4787}, {"price": 3481, "isBuy": false, "qty": 4787}, {"price": 3498, "isBuy": false, "qty": 4787}], "bids": [{"price": 3341, "isBuy": true, "qty": 45}, {"price": 3308, "isBuy": true, "qty": 180}, {"price": 3308, "isBuy": true, "qty": 90}, {"price": 3173, "isBuy": true, "qty": 219}, {"price": 3173, "isBuy": true, "qty": 359}], "symbol": "TFC", "venue": "BIYQEX", "ts": "2016-04-30T00:16:15.922579007Z"}, {"ok": true, "asks": [{"price": 3382, "isBuy": false, "qty": 8}, {"price": 3464, "isBuy": false, "qty": 4787}, {"price": 3481, "isBuy": false, "qty": 4787}, {"price": 3498, "isBuy": false, "qty": 4787}], "bids": [{"price": 3341, "isBuy": true, "qty": 45}, {"price": 3308, "isBuy": true, "qty": 180}, {"price": 3308, "isBuy": true, "qty": 90}, {"price": 3173, "isBuy": true, "qty": 219}, {"price": 3173, "isBuy": true, "qty": 359}], "symbol": "TFC", "venue": "BIYQEX", "ts": "2016-04-30T00:16:16.017912718Z"}, {"ok": true, "asks": [{"price": 3382, "isBuy": false, "qty": 8}, {"price": 3464, "isBuy": false, "qty": 4787}, {"price": 3481, "isBuy": false, "qty": 4787}, {"price": 3498, "isBuy": false, "qty": 4787}], "bids": [{"price": 3341, "isBuy": true, "qty": 45}, {"price": 3308, "isBuy": true, "qty": 180}, {"price": 3308, "isBuy": true, "qty": 90}, {"price": 3173, "isBuy": true, "qty": 219}, {"price": 3173, "isBuy": true, "qty": 359}], "symbol": "TFC", "venue": "BIYQEX", "ts": "2016-04-30T00:16:16.168656093Z"}, {"ok": true, "asks": [{"price": 3382, "isBuy": false, "qty": 8}, {"price": 3464, "isBuy": false, "qty": 4787}, {"price": 3481, "isBuy": false, "qty": 4787}, {"price": 3498, "isBuy": false, "qty": 4787}], "bids": [{"price": 3308, "isBuy": true, "qty": 180}, {"price": 3308, "isBuy": true, "qty": 90}, {"price": 3173, "isBuy": true, "qty": 219}, {"price": 3173, "isBuy": true, "qty": 359}], "symbol": "TFC", "venue": "BIYQEX", "ts": "2016-04-30T00:16:16.39057715Z"}, {"ok": true, "asks": [{"price": 3382, "isBuy": false, "qty": 8}, {"price": 3464, "isBuy": false, "qty": 4787}, {"price": 3481, "isBuy": false, "qty": 4787}, {"price": 3498, "isBuy": false, "qty": 4787}], "bids": [{"price": 3308, "isBuy": true, "qty": 180}, {"price": 3308, "isBuy": true, "qty": 90}, {"price": 3173, "isBuy": true, "qty": 219}, {"price": 3173, "isBuy": true, "qty": 359}], "symbol": "TFC", "venue": "BIYQEX", "ts": "2016-04-30T00:16:16.494685893Z"}, {"ok": true, "asks": [{"price": 3382, "isBuy": false, "qty": 8}, {"price": 3464, "isBuy": false, "qty": 4787}, {"price": 3481, "isBuy": false, "qty": 4787}, {"price": 3498, "isBuy": false, "qty": 4787}], "bids": [{"price": 3341, "isBuy": true, "qty": 45}, {"price": 3308, "isBuy": true, "qty": 180}, {"price": 3308, "isBuy": true, "qty": 90}, {"price": 3173, "isBuy": true, "qty": 219}, {"price": 3173, "isBuy": true, "qty": 359}], "symbol": "TFC", "venue": "BIYQEX", "ts": "2016-04-30T00:16:17.324690245Z"}, {"ok": true, "asks": [{"price": 3357, "isBuy": false, "qty": 4751}, {"price": 3373, "isBuy": false, "qty": 4751}, {"price": 3389, "isBuy": false, "qty": 4751}], "bids": [{"price": 3341, "isBuy": true, "qty": 45}, {"price": 3341, "isBuy": true, "qty": 22}, {"price": 3308, "isBuy": true, "qty": 180}, {"price": 3308, "isBuy": true, "qty": 90}, {"price": 3263, "isBuy": true, "qty": 5197}, {"price": 3247, "isBuy": true, "qty": 5197}, {"price": 3231, "isBuy": true, "qty": 5197}, {"price": 3173, "isBuy": true, "qty": 219}, {"price": 3173, "isBuy": true, "qty": 359}], "symbol": "TFC", "venue": "BIYQEX", "ts": "2016-04-30T00:16:18.713283671Z"}, {"ok": true, "asks": [{"price": 3357, "isBuy": false, "qty": 4751}, {"price": 3373, "isBuy": false, "qty": 4751}, {"price": 3389, "isBuy": false, "qty": 4751}], "bids": [{"price": 3341, "isBuy": true, "qty": 45}, {"price": 3341, "isBuy": true, "qty": 22}, {"price": 3308, "isBuy": true, "qty": 180}, {"price": 3308, "isBuy": true, "qty": 90}, {"price": 3263, "isBuy": true, "qty": 5197}, {"price": 3247, "isBuy": true, "qty": 5197}, {"price": 3231, "isBuy": true, "qty": 5197}, {"price": 3173, "isBuy": true, "qty": 219}, {"price": 3173, "isBuy": true, "qty": 359}], "symbol": "TFC", "venue": "BIYQEX", "ts": "2016-04-30T00:16:18.832915514Z"}, {"ok": true, "asks": [{"price": 3357, "isBuy": false, "qty": 4751}, {"price": 3373, "isBuy": false, "qty": 4751}, {"price": 3389, "isBuy": false, "qty": 4751}], "bids": [{"price": 3341, "isBuy": true, "qty": 45}, {"price": 3341, "isBuy": true, "qty": 22}, {"price": 3308, "isBuy": true, "qty": 180}, {"price": 3308, "isBuy": true, "qty": 90}, {"price": 3263, "isBuy": true, "qty": 5197}, {"price": 3247, "isBuy": true, "qty": 5197}, {"price": 3231, "isBuy": true, "qty": 5197}, {"price": 3173, "isBuy": true, "qty": 219}, {"price": 3173, "isBuy": true, "qty": 359}], "symbol": "TFC", "venue": "BIYQEX", "ts": "2016-04-30T00:16:18.926675582Z"}, {"ok": true, "asks": [{"price": 3357, "isBuy": false, "qty": 4751}, {"price": 3373, "isBuy": false, "qty": 4751}, {"price": 3389, "isBuy": false, "qty": 4751}], "bids": [{"price": 3341, "isBuy": true, "qty": 45}, {"price": 3341, "isBuy": true, "qty": 22}, {"price": 3308, "isBuy": true, "qty": 180}, {"price": 3308, "isBuy": true, "qty": 90}, {"price": 3263, "isBuy": true, "qty": 5197}, {"price": 3247, "isBuy": true, "qty": 5197}, {"price": 3231, "isBuy": true, "qty": 5197}, {"price": 3173, "isBuy": true, "qty": 219}, {"price": 3173, "isBuy": true, "qty": 359}], "symbol": "TFC", "venue": "BIYQEX", "ts": "2016-04-30T00:16:19.020510708Z"}, {"ok": true, "asks": [{"price": 3357, "isBuy": false, "qty": 4751}, {"price": 3373, "isBuy": false, "qty": 4751}, {"price": 3389, "isBuy": false, "qty": 4751}], "bids": [{"price": 3341, "isBuy": true, "qty": 45}, {"price": 3341, "isBuy": true, "qty": 22}, {"price": 3308, "isBuy": true, "qty": 180}, {"price": 3308, "isBuy": true, "qty": 90}, {"price": 3263, "isBuy": true, "qty": 5197}, {"price": 3247, "isBuy": true, "qty": 5197}, {"price": 3231, "isBuy": true, "qty": 5197}, {"price": 3173, "isBuy": true, "qty": 219}, {"price": 3173, "isBuy": true, "qty": 359}], "symbol": "TFC", "venue": "BIYQEX", "ts": "2016-04-30T00:16:19.121502019Z"}, {"ok": true, "asks": [{"price": 3357, "isBuy": false, "qty": 4751}, {"price": 3373, "isBuy": false, "qty": 4751}, {"price": 3389, "isBuy": false, "qty": 4751}, {"price": 3429, "isBuy": false, "qty": 531}], "bids": [{"price": 3341, "isBuy": true, "qty": 45}, {"price": 3341, "isBuy": true, "qty": 22}, {"price": 3308, "isBuy": true, "qty": 180}, {"price": 3308, "isBuy": true, "qty": 90}, {"price": 3263, "isBuy": true, "qty": 5197}, {"price": 3247, "isBuy": true, "qty": 5197}, {"price": 3231, "isBuy": true, "qty": 5197}, {"price": 3173, "isBuy": true, "qty": 219}, {"price": 3173, "isBuy": true, "qty": 359}], "symbol": "TFC", "venue": "BIYQEX", "ts": "2016-04-30T00:16:19.224291924Z"}, {"ok": true, "asks": [{"price": 3357, "isBuy": false, "qty": 4751}, {"price": 3373, "isBuy": false, "qty": 4751}, {"price": 3389, "isBuy": false, "qty": 4751}, {"price": 3429, "isBuy": false, "qty": 531}], "bids": [{"price": 3341, "isBuy": true, "qty": 45}, {"price": 3341, "isBuy": true, "qty": 22}, {"price": 3308, "isBuy": true, "qty": 180}, {"price": 3308, "isBuy": true, "qty": 90}, {"price": 3263, "isBuy": true, "qty": 5197}, {"price": 3247, "isBuy": true, "qty": 5197}, {"price": 3231, "isBuy": true, "qty": 5197}, {"price": 3173, "isBuy": true, "qty": 219}, {"price": 3173, "isBuy": true, "qty": 359}], "symbol": "TFC", "venue": "BIYQEX", "ts": "2016-04-30T00:16:19.503417239Z"}, {"ok": true, "asks": [{"price": 3357, "isBuy": false, "qty": 4740}, {"price": 3373, "isBuy": false, "qty": 4751}, {"price": 3389, "isBuy": false, "qty": 4751}, {"price": 3429, "isBuy": false, "qty": 531}], "bids": [{"price": 3341, "isBuy": true, "qty": 45}, {"price": 3341, "isBuy": true, "qty": 22}, {"price": 3308, "isBuy": true, "qty": 180}, {"price": 3308, "isBuy": true, "qty": 90}, {"price": 3263, "isBuy": true, "qty": 5197}, {"price": 3247, "isBuy": true, "qty": 5197}, {"price": 3231, "isBuy": true, "qty": 5197}, {"price": 3173, "isBuy": true, "qty": 219}, {"price": 3173, "isBuy": true, "qty": 359}], "symbol": "TFC", "venue": "BIYQEX", "ts": "2016-04-30T00:16:20.884495704Z"}, {"ok": true, "asks": [{"price": 3357, "isBuy": false, "qty": 4740}, {"price": 3373, "isBuy": false, "qty": 4751}, {"price": 3389, "isBuy": false, "qty": 4751}, {"price": 3429, "isBuy": false, "qty": 531}], "bids": [{"price": 3341, "isBuy": true, "qty": 45}, {"price": 3341, "isBuy": true, "qty": 22}, {"price": 3308, "isBuy": true, "qty": 180}, {"price": 3308, "isBuy": true, "qty": 90}, {"price": 3263, "isBuy": true, "qty": 5197}, {"price": 3247, "isBuy": true, "qty": 5197}, {"price": 3231, "isBuy": true, "qty": 5197}, {"price": 3173, "isBuy": true, "qty": 219}, {"price": 3173, "isBuy": true, "qty": 359}], "symbol": "TFC", "venue": "BIYQEX", "ts": "2016-04-30T00:16:21.430502072Z"}, {"ok": true, "asks": [{"price": 3357, "isBuy": false, "qty": 4740}, {"price": 3373, "isBuy": false, "qty": 4751}, {"price": 3389, "isBuy": false, "qty": 4751}], "bids": [{"price": 3341, "isBuy": true, "qty": 45}, {"price": 3341, "isBuy": true, "qty": 22}, {"price": 3308, "isBuy": true, "qty": 180}, {"price": 3308, "isBuy": true, "qty": 90}, {"price": 3263, "isBuy": true, "qty": 5197}, {"price": 3247, "isBuy": true, "qty": 5197}, {"price": 3231, "isBuy": true, "qty": 5197}, {"price": 3173, "isBuy": true, "qty": 219}, {"price": 3173, "isBuy": true, "qty": 359}], "symbol": "TFC", "venue": "BIYQEX", "ts": "2016-04-30T00:16:21.647305389Z"}, {"ok": true, "asks": [{"price": 3357, "isBuy": false, "qty": 4740}, {"price": 3373, "isBuy": false, "qty": 4751}, {"price": 3389, "isBuy": false, "qty": 4751}], "bids": [{"price": 3341, "isBuy": true, "qty": 45}, {"price": 3341, "isBuy": true, "qty": 22}, {"price": 3308, "isBuy": true, "qty": 180}, {"price": 3308, "isBuy": true, "qty": 90}, {"price": 3263, "isBuy": true, "qty": 5197}, {"price": 3247, "isBuy": true, "qty": 5197}, {"price": 3231, "isBuy": true, "qty": 5197}, {"price": 3173, "isBuy": true, "qty": 219}, {"price": 3173, "isBuy": true, "qty": 359}], "symbol": "TFC", "venue": "BIYQEX", "ts": "2016-04-30T00:16:21.748984523Z"}, {"ok": true, "asks": [{"price": 3357, "isBuy": false, "qty": 4740}, {"price": 3373, "isBuy": false, "qty": 4751}, {"price": 3389, "isBuy": false, "qty": 4751}], "bids": [{"price": 3341, "isBuy": true, "qty": 45}, {"price": 3341, "isBuy": true, "qty": 22}, {"price": 3308, "isBuy": true, "qty": 180}, {"price": 3308, "isBuy": true, "qty": 90}, {"price": 3263, "isBuy": true, "qty": 5197}, {"price": 3247, "isBuy": true, "qty": 5197}, {"price": 3231, "isBuy": true, "qty": 5197}, {"price": 3173, "isBuy": true, "qty": 219}, {"price": 3173, "isBuy": true, "qty": 359}], "symbol": "TFC", "venue": "BIYQEX", "ts": "2016-04-30T00:16:21.884462497Z"}, {"ok": true, "asks": [{"price": 3357, "isBuy": false, "qty": 4740}, {"price": 3373, "isBuy": false, "qty": 4751}, {"price": 3389, "isBuy": false, "qty": 4751}], "bids": [{"price": 3341, "isBuy": true, "qty": 45}, {"price": 3341, "isBuy": true, "qty": 22}, {"price": 3308, "isBuy": true, "qty": 180}, {"price": 3308, "isBuy": true, "qty": 90}, {"price": 3263, "isBuy": true, "qty": 5197}, {"price": 3247, "isBuy": true, "qty": 5197}, {"price": 3231, "isBuy": true, "qty": 5197}, {"price": 3173, "isBuy": true, "qty": 219}, {"price": 3173, "isBuy": true, "qty": 359}], "symbol": "TFC", "venue": "BIYQEX", "ts": "2016-04-30T00:16:22.042438872Z"}, {"ok": true, "asks": [{"price": 3357, "isBuy": false, "qty": 4734}, {"price": 3373, "isBuy": false, "qty": 4751}, {"price": 3389, "isBuy": false, "qty": 4751}], "bids": [{"price": 3341, "isBuy": true, "qty": 45}, {"price": 3341, "isBuy": true, "qty": 22}, {"price": 3308, "isBuy": true, "qty": 180}, {"price": 3308, "isBuy": true, "qty": 90}, {"price": 3263, "isBuy": true, "qty": 5197}, {"price": 3247, "isBuy": true, "qty": 5197}, {"price": 3231, "isBuy": true, "qty": 5197}, {"price": 3173, "isBuy": true, "qty": 219}, {"price": 3173, "isBuy": true, "qty": 359}], "symbol": "TFC", "venue": "BIYQEX", "ts": "2016-04-30T00:16:22.153280924Z"}, {"ok": true, "asks": [{"price": 3357, "isBuy": false, "qty": 4734}, {"price": 3373, "isBuy": false, "qty": 4751}, {"price": 3389, "isBuy": false, "qty": 4751}], "bids": [{"price": 3341, "isBuy": true, "qty": 45}, {"price": 3341, "isBuy": true, "qty": 22}, {"price": 3308, "isBuy": true, "qty": 180}, {"price": 3308, "isBuy": true, "qty": 90}, {"price": 3263, "isBuy": true, "qty": 5197}, {"price": 3247, "isBuy": true, "qty": 5197}, {"price": 3231, "isBuy": true, "qty": 5197}, {"price": 3173, "isBuy": true, "qty": 219}, {"price": 3173, "isBuy": true, "qty": 359}], "symbol": "TFC", "venue": "BIYQEX", "ts": "2016-04-30T00:16:22.262903289Z"}, {"ok": true, "asks": [{"price": 3357, "isBuy": false, "qty": 4734}, {"price": 3373, "isBuy": false, "qty": 4751}, {"price": 3389, "isBuy": false, "qty": 4751}], "bids": [{"price": 3341, "isBuy": true, "qty": 45}, {"price": 3341, "isBuy": true, "qty": 22}, {"price": 3308, "isBuy": true, "qty": 180}, {"price": 3308, "isBuy": true, "qty": 90}, {"price": 3263, "isBuy": true, "qty": 5197}, {"price": 3247, "isBuy": true, "qty": 5197}, {"price": 3231, "isBuy": true, "qty": 5197}, {"price": 3173, "isBuy": true, "qty": 219}, {"price": 3173, "isBuy": true, "qty": 359}], "symbol": "TFC", "venue": "BIYQEX", "ts": "2016-04-30T00:16:22.673402928Z"}, {"ok": true, "asks": null, "bids": [{"price": 3374, "isBuy": true, "qty": 171}, {"price": 3173, "isBuy": true, "qty": 219}, {"price": 3173, "isBuy": true, "qty": 359}, {"price": 3145, "isBuy": true, "qty": 5373}, {"price": 3130, "isBuy": true, "qty": 5373}, {"price": 3115, "isBuy": true, "qty": 5373}], "symbol": "TFC", "venue": "BIYQEX", "ts": "2016-04-30T00:16:24.512648491Z"}, {"ok": true, "asks": null, "bids": [{"price": 3374, "isBuy": true, "qty": 171}, {"price": 3173, "isBuy": true, "qty": 219}, {"price": 3173, "isBuy": true, "qty": 359}, {"price": 3145, "isBuy": true, "qty": 5373}, {"price": 3130, "isBuy": true, "qty": 5373}, {"price": 3115, "isBuy": true, "qty": 5373}], "symbol": "TFC", "venue": "BIYQEX", "ts": "2016-04-30T00:16:24.595659163Z"}, {"ok": true, "asks": null, "bids": [{"price": 3173, "isBuy": true, "qty": 219}, {"price": 3173, "isBuy": true, "qty": 359}, {"price": 3145, "isBuy": true, "qty": 5373}, {"price": 3130, "isBuy": true, "qty": 5373}, {"price": 3115, "isBuy": true, "qty": 5373}], "symbol": "TFC", "venue": "BIYQEX", "ts": "2016-04-30T00:16:24.81584312Z"}, {"ok": true, "asks": null, "bids": [{"price": 3173, "isBuy": true, "qty": 219}, {"price": 3173, "isBuy": true, "qty": 359}, {"price": 3145, "isBuy": true, "qty": 5373}, {"price": 3130, "isBuy": true, "qty": 5373}, {"price": 3115, "isBuy": true, "qty": 5373}], "symbol": "TFC", "venue": "BIYQEX", "ts": "2016-04-30T00:16:24.935545086Z"}, {"ok": true, "asks": null, "bids": [{"price": 3204, "isBuy": true, "qty": 3}, {"price": 3173, "isBuy": true, "qty": 219}, {"price": 3173, "isBuy": true, "qty": 359}, {"price": 3145, "isBuy": true, "qty": 5373}, {"price": 3130, "isBuy": true, "qty": 5373}, {"price": 3115, "isBuy": true, "qty": 5373}], "symbol": "TFC", "venue": "BIYQEX", "ts": "2016-04-30T00:16:26.285973032Z"}, {"ok": true, "asks": null, "bids": [{"price": 3204, "isBuy": true, "qty": 3}, {"price": 3173, "isBuy": true, "qty": 219}, {"price": 3173, "isBuy": true, "qty": 359}, {"price": 3145, "isBuy": true, "qty": 5373}, {"price": 3130, "isBuy": true, "qty": 5373}, {"price": 3115, "isBuy": true, "qty": 5373}], "symbol": "TFC", "venue": "BIYQEX", "ts": "2016-04-30T00:16:27.173761941Z"}, {"ok": true, "asks": null, "bids": [{"price": 3173, "isBuy": true, "qty": 219}, {"price": 3173, "isBuy": true, "qty": 359}, {"price": 3145, "isBuy": true, "qty": 5373}, {"price": 3130, "isBuy": true, "qty": 5373}, {"price": 3115, "isBuy": true, "qty": 5373}], "symbol": "TFC", "venue": "BIYQEX", "ts": "2016-04-30T00:16:27.417789782Z"}, {"ok": true, "asks": null, "bids": [{"price": 3173, "isBuy": true, "qty": 219}, {"price": 3173, "isBuy": true, "qty": 359}, {"price": 3145, "isBuy": true, "qty": 5373}, {"price": 3130, "isBuy": true, "qty": 5373}, {"price": 3115, "isBuy": true, "qty": 5373}], "symbol": "TFC", "venue": "BIYQEX", "ts": "2016-04-30T00:16:27.421114558Z"}, {"ok": true, "asks": null, "bids": [{"price": 3173, "isBuy": true, "qty": 219}, {"price": 3173, "isBuy": true, "qty": 359}, {"price": 3145, "isBuy": true, "qty": 5373}, {"price": 3130, "isBuy": true, "qty": 5373}, {"price": 3115, "isBuy": true, "qty": 5373}], "symbol": "TFC", "venue": "BIYQEX", "ts": "2016-04-30T00:16:27.551157032Z"}, {"ok": true, "asks": [{"price": 3480, "isBuy": false, "qty": 4513}, {"price": 3497, "isBuy": false, "qty": 4513}, {"price": 3514, "isBuy": false, "qty": 4513}], "bids": [{"price": 3466, "isBuy": true, "qty": 549}, {"price": 3463, "isBuy": true, "qty": 599}, {"price": 3457, "isBuy": true, "qty": 486}, {"price": 3413, "isBuy": true, "qty": 5486}, {"price": 3396, "isBuy": true, "qty": 5486}, {"price": 3379, "isBuy": true, "qty": 5486}, {"price": 3240, "isBuy": true, "qty": 476}, {"price": 3204, "isBuy": true, "qty": 126}, {"price": 3173, "isBuy": true, "qty": 112}], "symbol": "TFC", "venue": "BIYQEX", "ts": "2016-04-30T00:16:29.653282611Z"}, {"ok": true, "asks": [{"price": 3480, "isBuy": false, "qty": 4513}, {"price": 3497, "isBuy": false, "qty": 4513}, {"price": 3514, "isBuy": false, "qty": 4513}], "bids": [{"price": 3466, "isBuy": true, "qty": 549}, {"price": 3463, "isBuy": true, "qty": 599}, {"price": 3457, "isBuy": true, "qty": 486}, {"price": 3413, "isBuy": true, "qty": 5486}, {"price": 3396, "isBuy": true, "qty": 5486}, {"price": 3379, "isBuy": true, "qty": 5486}, {"price": 3240, "isBuy": true, "qty": 476}, {"price": 3204, "isBuy": true, "qty": 126}, {"price": 3173, "isBuy": true, "qty": 112}], "symbol": "TFC", "venue": "BIYQEX", "ts": "2016-04-30T00:16:29.786811574Z"}, {"ok": true, "asks": [{"price": 3480, "isBuy": false, "qty": 4513}, {"price": 3497, "isBuy": false, "qty": 4513}, {"price": 3514, "isBuy": false, "qty": 4513}], "bids": [{"price": 3466, "isBuy": true, "qty": 549}, {"price": 3463, "isBuy": true, "qty": 599}, {"price": 3457, "isBuy": true, "qty": 486}, {"price": 3413, "isBuy": true, "qty": 5486}, {"price": 3396, "isBuy": true, "qty": 5486}, {"price": 3379, "isBuy": true, "qty": 5486}, {"price": 3240, "isBuy": true, "qty": 476}, {"price": 3204, "isBuy": true, "qty": 126}, {"price": 3173, "isBuy": true, "qty": 112}], "symbol": "TFC", "venue": "BIYQEX", "ts": "2016-04-30T00:16:29.909600645Z"}, {"ok": true, "asks": [{"price": 3480, "isBuy": false, "qty": 4513}, {"price": 3497, "isBuy": false, "qty": 4513}, {"price": 3514, "isBuy": false, "qty": 4513}], "bids": [{"price": 3463, "isBuy": true, "qty": 207}, {"price": 3457, "isBuy": true, "qty": 486}, {"price": 3413, "isBuy": true, "qty": 5486}, {"price": 3396, "isBuy": true, "qty": 5486}, {"price": 3379, "isBuy": true, "qty": 5486}, {"price": 3240, "isBuy": true, "qty": 476}, {"price": 3204, "isBuy": true, "qty": 126}, {"price": 3173, "isBuy": true, "qty": 112}], "symbol": "TFC", "venue": "BIYQEX", "ts": "2016-04-30T00:16:32.056452888Z"}, {"ok": true, "asks": [{"price": 3480, "isBuy": false, "qty": 4513}, {"price": 3497, "isBuy": false, "qty": 4513}, {"price": 3514, "isBuy": false, "qty": 4513}], "bids": [{"price": 3463, "isBuy": true, "qty": 207}, {"price": 3457, "isBuy": true, "qty": 486}, {"price": 3413, "isBuy": true, "qty": 5486}, {"price": 3396, "isBuy": true, "qty": 5486}, {"price": 3379, "isBuy": true, "qty": 5486}, {"price": 3240, "isBuy": true, "qty": 476}, {"price": 3204, "isBuy": true, "qty": 126}, {"price": 3173, "isBuy": true, "qty": 112}], "symbol": "TFC", "venue": "BIYQEX", "ts": "2016-04-30T00:16:32.136856401Z"}, {"ok": true, "asks": [{"price": 3480, "isBuy": false, "qty": 4513}, {"price": 3497, "isBuy": false, "qty": 4513}, {"price": 3514, "isBuy": false, "qty": 4513}], "bids": [{"price": 3463, "isBuy": true, "qty": 207}, {"price": 3457, "isBuy": true, "qty": 486}, {"price": 3413, "isBuy": true, "qty": 5486}, {"price": 3396, "isBuy": true, "qty": 5486}, {"price": 3379, "isBuy": true, "qty": 5486}, {"price": 3240, "isBuy": true, "qty": 476}, {"price": 3204, "isBuy": true, "qty": 126}, {"price": 3173, "isBuy": true, "qty": 112}], "symbol": "TFC", "venue": "BIYQEX", "ts": "2016-04-30T00:16:32.231988581Z"}, {"ok": true, "asks": [{"price": 3462, "isBuy": false, "qty": 263}, {"price": 3480, "isBuy": false, "qty": 4513}, {"price": 3497, "isBuy": false, "qty": 4513}, {"price": 3514, "isBuy": false, "qty": 4513}], "bids": [{"price": 3457, "isBuy": true, "qty": 486}, {"price": 3413, "isBuy": true, "qty": 5486}, {"price": 3396, "isBuy": true, "qty": 5486}, {"price": 3379, "isBuy": true, "qty": 5486}, {"price": 3240, "isBuy": true, "qty": 476}, {"price": 3204, "isBuy": true, "qty": 126}, {"price": 3173, "isBuy": true, "qty": 112}], "symbol": "TFC", "venue": "BIYQEX", "ts": "2016-04-30T00:16:33.07001325Z"}, {"ok": true, "asks": [{"price": 3445, "isBuy": false, "qty": 274}, {"price": 3462, "isBuy": false, "qty": 263}], "bids": [{"price": 3204, "isBuy": true, "qty": 48}, {"price": 3173, "isBuy": true, "qty": 112}, {"price": 3158, "isBuy": true, "qty": 5486}, {"price": 3143, "isBuy": true, "qty": 5486}, {"price": 3128, "isBuy": true, "qty": 5486}], "symbol": "TFC", "venue": "BIYQEX", "ts": "2016-04-30T00:16:34.485285768Z"}, {"ok": true, "asks": [{"price": 3445, "isBuy": false, "qty": 274}, {"price": 3462, "isBuy": false, "qty": 263}], "bids": [{"price": 3204, "isBuy": true, "qty": 48}, {"price": 3173, "isBuy": true, "qty": 112}, {"price": 3158, "isBuy": true, "qty": 5486}, {"price": 3143, "isBuy": true, "qty": 5486}, {"price": 3128, "isBuy": true, "qty": 5486}], "symbol": "TFC", "venue": "BIYQEX", "ts": "2016-04-30T00:16:34.583657231Z"}, {"ok": true, "asks": [{"price": 3445, "isBuy": false, "qty": 274}, {"price": 3462, "isBuy": false, "qty": 263}], "bids": [{"price": 3173, "isBuy": true, "qty": 112}, {"price": 3158, "isBuy": true, "qty": 5486}, {"price": 3143, "isBuy": true, "qty": 5486}, {"price": 3128, "isBuy": true, "qty": 5486}], "symbol": "TFC", "venue": "BIYQEX", "ts": "2016-04-30T00:16:34.794882317Z"}, {"ok": true, "asks": [{"price": 3445, "isBuy": false, "qty": 274}, {"price": 3462, "isBuy": false, "qty": 263}], "bids": [{"price": 3173, "isBuy": true, "qty": 112}, {"price": 3158, "isBuy": true, "qty": 5486}, {"price": 3143, "isBuy": true, "qty": 5486}, {"price": 3128, "isBuy": true, "qty": 5486}], "symbol": "TFC", "venue": "BIYQEX", "ts": "2016-04-30T00:16:34.800483669Z"}, {"ok": true, "asks": [{"price": 3427, "isBuy": false, "qty": 137}, {"price": 3445, "isBuy": false, "qty": 274}, {"price": 3462, "isBuy": false, "qty": 263}], "bids": [{"price": 3189, "isBuy": true, "qty": 594}, {"price": 3158, "isBuy": true, "qty": 5486}, {"price": 3143, "isBuy": true, "qty": 5486}, {"price": 3128, "isBuy": true, "qty": 5486}], "symbol": "TFC", "venue": "BIYQEX", "ts": "2016-04-30T00:16:37.044324471Z"}, {"ok": true, "asks": [{"price": 3427, "isBuy": false, "qty": 137}, {"price": 3445, "isBuy": false, "qty": 274}, {"price": 3462, "isBuy": false, "qty": 263}], "bids": [{"price": 3189, "isBuy": true, "qty": 594}, {"price": 3158, "isBuy": true, "qty": 5486}, {"price": 3143, "isBuy": true, "qty": 5486}, {"price": 3128, "isBuy": true, "qty": 5486}], "symbol": "TFC", "venue": "BIYQEX", "ts": "2016-04-30T00:16:37.161495939Z"}, {"ok": true, "asks": [{"price": 3427, "isBuy": false, "qty": 137}, {"price": 3445, "isBuy": false, "qty": 274}, {"price": 3462, "isBuy": false, "qty": 263}], "bids": [{"price": 3189, "isBuy": true, "qty": 594}, {"price": 3158, "isBuy": true, "qty": 5486}, {"price": 3143, "isBuy": true, "qty": 5486}, {"price": 3128, "isBuy": true, "qty": 5486}], "symbol": "TFC", "venue": "BIYQEX", "ts": "2016-04-30T00:16:37.278072936Z"}, {"ok": true, "asks": [{"price": 3427, "isBuy": false, "qty": 137}, {"price": 3445, "isBuy": false, "qty": 274}, {"price": 3462, "isBuy": false, "qty": 263}], "bids": [{"price": 3189, "isBuy": true, "qty": 594}, {"price": 3158, "isBuy": true, "qty": 5486}, {"price": 3143, "isBuy": true, "qty": 5486}, {"price": 3128, "isBuy": true, "qty": 5486}], "symbol": "TFC", "venue": "BIYQEX", "ts": "2016-04-30T00:16:37.373181186Z"}, {"ok": true, "asks": [{"price": 3427, "isBuy": false, "qty": 137}, {"price": 3445, "isBuy": false, "qty": 274}], "bids": [{"price": 3189, "isBuy": true, "qty": 594}, {"price": 3158, "isBuy": true, "qty": 5486}, {"price": 3143, "isBuy": true, "qty": 5486}, {"price": 3128, "isBuy": true, "qty": 5486}], "symbol": "TFC", "venue": "BIYQEX", "ts": "2016-04-30T00:16:37.624312501Z"}, {"ok": true, "asks": [{"price": 3358, "isBuy": false, "qty": 4391}, {"price": 3374, "isBuy": false, "qty": 4391}, {"price": 3390, "isBuy": false, "qty": 4391}, {"price": 3410, "isBuy": false, "qty": 200}, {"price": 3427, "isBuy": false, "qty": 137}, {"price": 3445, "isBuy": false, "qty": 274}], "bids": [{"price": 3326, "isBuy": true, "qty": 5486}, {"price": 3310, "isBuy": true, "qty": 5486}, {"price": 3294, "isBuy": true, "qty": 5486}, {"price": 3189, "isBuy": true, "qty": 74}], "symbol": "TFC", "venue": "BIYQEX", "ts": "2016-04-30T00:16:38.888730321Z"}, {"ok": true, "asks": [{"price": 3358, "isBuy": false, "qty": 4391}, {"price": 3374, "isBuy": false, "qty": 4391}, {"price": 3390, "isBuy": false, "qty": 4391}, {"price": 3410, "isBuy": false, "qty": 200}, {"price": 3427, "isBuy": false, "qty": 137}, {"price": 3445, "isBuy": false, "qty": 274}], "bids": [{"price": 3343, "isBuy": true, "qty": 445}, {"price": 3326, "isBuy": true, "qty": 5486}, {"price": 3310, "isBuy": true, "qty": 5486}, {"price": 3294, "isBuy": true, "qty": 5486}, {"price": 3189, "isBuy": true, "qty": 74}], "symbol": "TFC", "venue": "BIYQEX", "ts": "2016-04-30T00:16:39.972943923Z"}, {"ok": true, "asks": [{"price": 3358, "isBuy": false, "qty": 4391}, {"price": 3374, "isBuy": false, "qty": 4391}, {"price": 3390, "isBuy": false, "qty": 4391}, {"price": 3410, "isBuy": false, "qty": 200}, {"price": 3427, "isBuy": false, "qty": 137}], "bids": [{"price": 3343, "isBuy": true, "qty": 445}, {"price": 3326, "isBuy": true, "qty": 5486}, {"price": 3310, "isBuy": true, "qty": 5486}, {"price": 3294, "isBuy": true, "qty": 5486}, {"price": 3189, "isBuy": true, "qty": 74}], "symbol": "TFC", "venue": "BIYQEX", "ts": "2016-04-30T00:16:40.181189882Z"}, {"ok": true, "asks": [{"price": 3358, "isBuy": false, "qty": 4391}, {"price": 3374, "isBuy": false, "qty": 4391}, {"price": 3390, "isBuy": false, "qty": 4391}, {"price": 3410, "isBuy": false, "qty": 200}], "bids": [{"price": 3343, "isBuy": true, "qty": 233}, {"price": 3326, "isBuy": true, "qty": 5486}, {"price": 3310, "isBuy": true, "qty": 5486}, {"price": 3294, "isBuy": true, "qty": 5486}, {"price": 3189, "isBuy": true, "qty": 74}], "symbol": "TFC", "venue": "BIYQEX", "ts": "2016-04-30T00:16:40.437518994Z"}, {"ok": true, "asks": [{"price": 3358, "isBuy": false, "qty": 4391}, {"price": 3374, "isBuy": false, "qty": 4391}, {"price": 3390, "isBuy": false, "qty": 4391}, {"price": 3410, "isBuy": false, "qty": 200}], "bids": [{"price": 3343, "isBuy": true, "qty": 233}, {"price": 3326, "isBuy": true, "qty": 5486}, {"price": 3310, "isBuy": true, "qty": 5486}, {"price": 3294, "isBuy": true, "qty": 5486}, {"price": 3189, "isBuy": true, "qty": 74}], "symbol": "TFC", "venue": "BIYQEX", "ts": "2016-04-30T00:16:40.542415011Z"}, {"ok": true, "asks": [{"price": 3358, "isBuy": false, "qty": 4391}, {"price": 3374, "isBuy": false, "qty": 4391}, {"price": 3390, "isBuy": false, "qty": 4391}, {"price": 3410, "isBuy": false, "qty": 200}], "bids": [{"price": 3343, "isBuy": true, "qty": 233}, {"price": 3326, "isBuy": true, "qty": 5486}, {"price": 3310, "isBuy": true, "qty": 5486}, {"price": 3294, "isBuy": true, "qty": 5486}, {"price": 3189, "isBuy": true, "qty": 74}], "symbol": "TFC", "venue": "BIYQEX", "ts": "2016-04-30T00:16:40.56273756Z"}, {"ok": true, "asks": [{"price": 3358, "isBuy": false, "qty": 4391}, {"price": 3374, "isBuy": false, "qty": 4391}, {"price": 3390, "isBuy": false, "qty": 4391}], "bids": [{"price": 3343, "isBuy": true, "qty": 233}, {"price": 3326, "isBuy": true, "qty": 5486}, {"price": 3310, "isBuy": true, "qty": 5486}, {"price": 3294, "isBuy": true, "qty": 5486}, {"price": 3189, "isBuy": true, "qty": 74}], "symbol": "TFC", "venue": "BIYQEX", "ts": "2016-04-30T00:16:40.815568728Z"}, {"ok": true, "asks": [{"price": 3340, "isBuy": false, "qty": 740}, {"price": 3358, "isBuy": false, "qty": 3946}, {"price": 3374, "isBuy": false, "qty": 4391}, {"price": 3390, "isBuy": false, "qty": 4391}], "bids": [{"price": 3326, "isBuy": true, "qty": 5486}, {"price": 3310, "isBuy": true, "qty": 5486}, {"price": 3294, "isBuy": true, "qty": 5486}, {"price": 3189, "isBuy": true, "qty": 74}], "symbol": "TFC", "venue": "BIYQEX", "ts": "2016-04-30T00:16:42.306549078Z"}, {"ok": true, "asks": [{"price": 3340, "isBuy": false, "qty": 740}, {"price": 3358, "isBuy": false, "qty": 3946}, {"price": 3374, "isBuy": false, "qty": 4391}, {"price": 3390, "isBuy": false, "qty": 4391}], "bids": [{"price": 3326, "isBuy": true, "qty": 5486}, {"price": 3310, "isBuy": true, "qty": 5486}, {"price": 3294, "isBuy": true, "qty": 5486}, {"price": 3189, "isBuy": true, "qty": 74}], "symbol": "TFC", "venue": "BIYQEX", "ts": "2016-04-30T00:16:43.201394928Z"}, {"ok": true, "asks": [{"price": 3340, "isBuy": false, "qty": 517}, {"price": 3358, "isBuy": false, "qty": 3946}, {"price": 3374, "isBuy": false, "qty": 4391}, {"price": 3390, "isBuy": false, "qty": 4391}], "bids": [{"price": 3326, "isBuy": true, "qty": 5486}, {"price": 3310, "isBuy": true, "qty": 5486}, {"price": 3294, "isBuy": true, "qty": 5486}, {"price": 3189, "isBuy": true, "qty": 74}], "symbol": "TFC", "venue": "BIYQEX", "ts": "2016-04-30T00:16:43.340780386Z"}, {"ok": true, "asks": null, "bids": [{"price": 3239, "isBuy": true, "qty": 5653}, {"price": 3223, "isBuy": true, "qty": 5653}, {"price": 3207, "isBuy": true, "qty": 5653}, {"price": 3189, "isBuy": true, "qty": 74}], "symbol": "TFC", "venue": "BIYQEX", "ts": "2016-04-30T00:16:43.912996523Z"}, {"ok": true, "asks": null, "bids": [{"price": 3255, "isBuy": true, "qty": 481}, {"price": 3239, "isBuy": true, "qty": 5653}, {"price": 3223, "isBuy": true, "qty": 5653}, {"price": 3207, "isBuy": true, "qty": 5653}, {"price": 3189, "isBuy": true, "qty": 74}], "symbol": "TFC", "venue": "BIYQEX", "ts": "2016-04-30T00:16:45.721691905Z"}, {"ok": true, "asks": null, "bids": [{"price": 3255, "isBuy": true, "qty": 481}, {"price": 3239, "isBuy": true, "qty": 5653}, {"price": 3223, "isBuy": true, "qty": 5653}, {"price": 3207, "isBuy": true, "qty": 5653}, {"price": 3189, "isBuy": true, "qty": 74}], "symbol": "TFC", "venue": "BIYQEX", "ts": "2016-04-30T00:16:45.772581249Z"}, {"ok": true, "asks": null, "bids": [{"price": 3255, "isBuy": true, "qty": 481}, {"price": 3239, "isBuy": true, "qty": 5653}, {"price": 3223, "isBuy": true, "qty": 5653}, {"price": 3207, "isBuy": true, "qty": 5653}, {"price": 3189, "isBuy": true, "qty": 74}], "symbol": "TFC", "venue": "BIYQEX", "ts": "2016-04-30T00:16:45.87569645Z"}, {"ok": true, "asks": null, "bids": [{"price": 3271, "isBuy": true, "qty": 481}, {"price": 3239, "isBuy": true, "qty": 5653}, {"price": 3223, "isBuy": true, "qty": 5653}, {"price": 3207, "isBuy": true, "qty": 5653}, {"price": 3189, "isBuy": true, "qty": 74}], "symbol": "TFC", "venue": "BIYQEX", "ts": "2016-04-30T00:16:47.730028189Z"}, {"ok": true, "asks": null, "bids": [{"price": 3271, "isBuy": true, "qty": 481}, {"price": 3239, "isBuy": true, "qty": 5653}, {"price": 3223, "isBuy": true, "qty": 5653}, {"price": 3207, "isBuy": true, "qty": 5653}, {"price": 3189, "isBuy": true, "qty": 74}], "symbol": "TFC", "venue": "BIYQEX", "ts": "2016-04-30T00:16:48.573490463Z"}, {"ok": true, "asks": [{"price": 3383, "isBuy": false, "qty": 4189}, {"price": 3399, "isBuy": false, "qty": 4189}, {"price": 3415, "isBuy": false, "qty": 4189}], "bids": [{"price": 3271, "isBuy": true, "qty": 225}, {"price": 3252, "isBuy": true, "qty": 5755}, {"price": 3236, "isBuy": true, "qty": 5755}, {"price": 3220, "isBuy": true, "qty": 5755}, {"price": 3189, "isBuy": true, "qty": 74}], "symbol": "TFC", "venue": "BIYQEX", "ts": "2016-04-30T00:16:48.82362613Z"}, {"ok": true, "asks": [{"price": 3383, "isBuy": false, "qty": 4189}, {"price": 3399, "isBuy": false, "qty": 4189}, {"price": 3415, "isBuy": false, "qty": 4189}], "bids": [{"price": 3271, "isBuy": true, "qty": 365}, {"price": 3252, "isBuy": true, "qty": 5755}, {"price": 3236, "isBuy": true, "qty": 5755}, {"price": 3220, "isBuy": true, "qty": 5755}, {"price": 3189, "isBuy": true, "qty": 74}], "symbol": "TFC", "venue": "BIYQEX", "ts": "2016-04-30T00:16:49.747631498Z"}, {"ok": true, "asks": [{"price": 3365, "isBuy": false, "qty": 609}, {"price": 3383, "isBuy": false, "qty": 4189}, {"price": 3399, "isBuy": false, "qty": 4189}, {"price": 3415, "isBuy": false, "qty": 4189}], "bids": [{"price": 3284, "isBuy": true, "qty": 171}, {"price": 3271, "isBuy": true, "qty": 365}, {"price": 3252, "isBuy": true, "qty": 5755}, {"price": 3236, "isBuy": true, "qty": 5755}, {"price": 3220, "isBuy": true, "qty": 5755}, {"price": 3189, "isBuy": true, "qty": 74}], "symbol": "TFC", "venue": "BIYQEX", "ts": "2016-04-30T00:16:51.329393454Z"}, {"ok": true, "asks": [{"price": 3365, "isBuy": false, "qty": 609}, {"price": 3383, "isBuy": false, "qty": 4189}, {"price": 3399, "isBuy": false, "qty": 4189}, {"price": 3415, "isBuy": false, "qty": 4189}], "bids": [{"price": 3284, "isBuy": true, "qty": 171}, {"price": 3271, "isBuy": true, "qty": 365}, {"price": 3252, "isBuy": true, "qty": 5755}, {"price": 3236, "isBuy": true, "qty": 5755}, {"price": 3220, "isBuy": true, "qty": 5755}, {"price": 3189, "isBuy": true, "qty": 74}], "symbol": "TFC", "venue": "BIYQEX", "ts": "2016-04-30T00:16:51.448182862Z"}, {"ok": true, "asks": [{"price": 3365, "isBuy": false, "qty": 609}, {"price": 3383, "isBuy": false, "qty": 4189}, {"price": 3399, "isBuy": false, "qty": 4189}, {"price": 3415, "isBuy": false, "qty": 4189}], "bids": [{"price": 3284, "isBuy": true, "qty": 171}, {"price": 3271, "isBuy": true, "qty": 365}, {"price": 3252, "isBuy": true, "qty": 5755}, {"price": 3236, "isBuy": true, "qty": 5755}, {"price": 3220, "isBuy": true, "qty": 5755}, {"price": 3189, "isBuy": true, "qty": 74}], "symbol": "TFC", "venue": "BIYQEX", "ts": "2016-04-30T00:16:51.570567124Z"}, {"ok": true, "asks": [{"price": 3365, "isBuy": false, "qty": 609}, {"price": 3383, "isBuy": false, "qty": 4189}, {"price": 3399, "isBuy": false, "qty": 4189}, {"price": 3415, "isBuy": false, "qty": 4189}], "bids": [{"price": 3271, "isBuy": true, "qty": 365}, {"price": 3252, "isBuy": true, "qty": 5755}, {"price": 3236, "isBuy": true, "qty": 5755}, {"price": 3220, "isBuy": true, "qty": 5755}, {"price": 3189, "isBuy": true, "qty": 74}], "symbol": "TFC", "venue": "BIYQEX", "ts": "2016-04-30T00:16:51.892175328Z"}, {"ok": true, "asks": [{"price": 4215, "isBuy": false, "qty": 2980}, {"price": 4235, "isBuy": false, "qty": 2980}, {"price": 4255, "isBuy": false, "qty": 2980}], "bids": [{"price": 4195, "isBuy": true, "qty": 136191}, {"price": 3189, "isBuy": true, "qty": 74}, {"price": 3090, "isBuy": true, "qty": 7019}, {"price": 3075, "isBuy": true, "qty": 7019}, {"price": 3060, "isBuy": true, "qty": 7019}], "symbol": "TFC", "venue": "BIYQEX", "ts": "2016-04-30T00:16:54.066731524Z"}, {"ok": true, "asks": [{"price": 4215, "isBuy": false, "qty": 2980}, {"price": 4235, "isBuy": false, "qty": 2980}, {"price": 4255, "isBuy": false, "qty": 2980}], "bids": [{"price": 4195, "isBuy": true, "qty": 136191}, {"price": 3189, "isBuy": true, "qty": 74}, {"price": 3090, "isBuy": true, "qty": 7019}, {"price": 3075, "isBuy": true, "qty": 7019}, {"price": 3060, "isBuy": true, "qty": 7019}], "symbol": "TFC", "venue": "BIYQEX", "ts": "2016-04-30T00:16:54.376845567Z"}, {"ok": true, "asks": [{"price": 4215, "isBuy": false, "qty": 2980}, {"price": 4235, "isBuy": false, "qty": 2980}, {"price": 4255, "isBuy": false, "qty": 2980}], "bids": [{"price": 4195, "isBuy": true, "qty": 135847}, {"price": 3220, "isBuy": true, "qty": 105}, {"price": 3189, "isBuy": true, "qty": 74}, {"price": 3090, "isBuy": true, "qty": 7019}, {"price": 3075, "isBuy": true, "qty": 7019}, {"price": 3060, "isBuy": true, "qty": 7019}], "symbol": "TFC", "venue": "BIYQEX", "ts": "2016-04-30T00:16:56.564376441Z"}, {"ok": true, "asks": [{"price": 4215, "isBuy": false, "qty": 2980}, {"price": 4235, "isBuy": false, "qty": 2980}, {"price": 4255, "isBuy": false, "qty": 2980}], "bids": [{"price": 4195, "isBuy": true, "qty": 135847}, {"price": 3220, "isBuy": true, "qty": 105}, {"price": 3189, "isBuy": true, "qty": 74}, {"price": 3090, "isBuy": true, "qty": 7019}, {"price": 3075, "isBuy": true, "qty": 7019}, {"price": 3060, "isBuy": true, "qty": 7019}], "symbol": "TFC", "venue": "BIYQEX", "ts": "2016-04-30T00:16:56.698480931Z"}, {"ok": true, "asks": [{"price": 4215, "isBuy": false, "qty": 2980}, {"price": 4235, "isBuy": false, "qty": 2980}, {"price": 4255, "isBuy": false, "qty": 2980}], "bids": [{"price": 4195, "isBuy": true, "qty": 135847}, {"price": 3220, "isBuy": true, "qty": 105}, {"price": 3189, "isBuy": true, "qty": 74}, {"price": 3090, "isBuy": true, "qty": 7019}, {"price": 3075, "isBuy": true, "qty": 7019}, {"price": 3060, "isBuy": true, "qty": 7019}], "symbol": "TFC", "venue": "BIYQEX", "ts": "2016-04-30T00:16:56.83923782Z"}, {"ok": true, "asks": [{"price": 4215, "isBuy": false, "qty": 2980}, {"price": 4235, "isBuy": false, "qty": 2980}, {"price": 4255, "isBuy": false, "qty": 2980}], "bids": [{"price": 4195, "isBuy": true, "qty": 135675}, {"price": 3252, "isBuy": true, "qty": 738}, {"price": 3220, "isBuy": true, "qty": 105}, {"price": 3189, "isBuy": true, "qty": 74}, {"price": 3090, "isBuy": true, "qty": 7019}, {"price": 3075, "isBuy": true, "qty": 7019}, {"price": 3060, "isBuy": true, "qty": 7019}], "symbol": "TFC", "venue": "BIYQEX", "ts": "2016-04-30T00:16:58.379511576Z"}, {"ok": true, "asks": [{"price": 3423, "isBuy": false, "qty": 2980}, {"price": 3440, "isBuy": false, "qty": 2980}, {"price": 3457, "isBuy": false, "qty": 2980}], "bids": [{"price": 3252, "isBuy": true, "qty": 738}, {"price": 3220, "isBuy": true, "qty": 105}, {"price": 3189, "isBuy": true, "qty": 74}, {"price": 3176, "isBuy": true, "qty": 7019}, {"price": 3161, "isBuy": true, "qty": 7019}, {"price": 3146, "isBuy": true, "qty": 7019}], "symbol": "TFC", "venue": "BIYQEX", "ts": "2016-04-30T00:16:59.130674938Z"}, {"ok": true, "asks": [{"price": 3423, "isBuy": false, "qty": 2980}, {"price": 3440, "isBuy": false, "qty": 2980}, {"price": 3457, "isBuy": false, "qty": 2980}], "bids": [{"price": 3284, "isBuy": true, "qty": 455}, {"price": 3252, "isBuy": true, "qty": 738}, {"price": 3220, "isBuy": true, "qty": 105}, {"price": 3189, "isBuy": true, "qty": 74}, {"price": 3176, "isBuy": true, "qty": 7019}, {"price": 3161, "isBuy": true, "qty": 7019}, {"price": 3146, "isBuy": true, "qty": 7019}], "symbol": "TFC", "venue": "BIYQEX", "ts": "2016-04-30T00:16:59.232292125Z"}, {"ok": true, "asks": [{"price": 3423, "isBuy": false, "qty": 2980}, {"price": 3440, "isBuy": false, "qty": 2980}, {"price": 3457, "isBuy": false, "qty": 2980}], "bids": [{"price": 3284, "isBuy": true, "qty": 455}, {"price": 3252, "isBuy": true, "qty": 738}, {"price": 3220, "isBuy": true, "qty": 105}, {"price": 3189, "isBuy": true, "qty": 74}, {"price": 3176, "isBuy": true, "qty": 7019}, {"price": 3161, "isBuy": true, "qty": 7019}, {"price": 3146, "isBuy": true, "qty": 7019}], "symbol": "TFC", "venue": "BIYQEX", "ts": "2016-04-30T00:16:59.33065664Z"}, {"ok": true, "asks": [{"price": 3423, "isBuy": false, "qty": 2980}, {"price": 3440, "isBuy": false, "qty": 2980}, {"price": 3457, "isBuy": false, "qty": 2980}, {"price": 4192, "isBuy": false, "qty": 86}], "bids": [{"price": 3284, "isBuy": true, "qty": 455}, {"price": 3252, "isBuy": true, "qty": 738}, {"price": 3220, "isBuy": true, "qty": 105}, {"price": 3189, "isBuy": true, "qty": 74}, {"price": 3176, "isBuy": true, "qty": 7019}, {"price": 3161, "isBuy": true, "qty": 7019}, {"price": 3146, "isBuy": true, "qty": 7019}], "symbol": "TFC", "venue": "BIYQEX", "ts": "2016-04-30T00:17:00.309302564Z"}, {"ok": true, "asks": [{"price": 3423, "isBuy": false, "qty": 2980}, {"price": 3440, "isBuy": false, "qty": 2980}, {"price": 3457, "isBuy": false, "qty": 2980}, {"price": 4192, "isBuy": false, "qty": 86}], "bids": [{"price": 3284, "isBuy": true, "qty": 455}, {"price": 3284, "isBuy": true, "qty": 227}, {"price": 3252, "isBuy": true, "qty": 738}, {"price": 3220, "isBuy": true, "qty": 105}, {"price": 3189, "isBuy": true, "qty": 74}, {"price": 3176, "isBuy": true, "qty": 7019}, {"price": 3161, "isBuy": true, "qty": 7019}, {"price": 3146, "isBuy": true, "qty": 7019}], "symbol": "TFC", "venue": "BIYQEX", "ts": "2016-04-30T00:17:01.750763551Z"}, {"ok": true, "asks": [{"price": 3405, "isBuy": false, "qty": 43}, {"price": 3423, "isBuy": false, "qty": 2980}, {"price": 3440, "isBuy": false, "qty": 2980}, {"price": 3457, "isBuy": false, "qty": 2980}, {"price": 4192, "isBuy": false, "qty": 86}], "bids": [{"price": 3284, "isBuy": true, "qty": 455}, {"price": 3284, "isBuy": true, "qty": 227}, {"price": 3252, "isBuy": true, "qty": 738}, {"price": 3220, "isBuy": true, "qty": 105}, {"price": 3189, "isBuy": true, "qty": 74}, {"price": 3176, "isBuy": true, "qty": 7019}, {"price": 3161, "isBuy": true, "qty": 7019}, {"price": 3146, "isBuy": true, "qty": 7019}], "symbol": "TFC", "venue": "BIYQEX", "ts": "2016-04-30T00:17:01.896594477Z"}, {"ok": true, "asks": [{"price": 3405, "isBuy": false, "qty": 43}, {"price": 3423, "isBuy": false, "qty": 2980}, {"price": 3440, "isBuy": false, "qty": 2980}, {"price": 3457, "isBuy": false, "qty": 2980}, {"price": 4192, "isBuy": false, "qty": 86}], "bids": [{"price": 3284, "isBuy": true, "qty": 455}, {"price": 3284, "isBuy": true, "qty": 227}, {"price": 3252, "isBuy": true, "qty": 738}, {"price": 3220, "isBuy": true, "qty": 105}, {"price": 3189, "isBuy": true, "qty": 74}, {"price": 3176, "isBuy": true, "qty": 7019}, {"price": 3161, "isBuy": true, "qty": 7019}, {"price": 3146, "isBuy": true, "qty": 7019}], "symbol": "TFC", "venue": "BIYQEX", "ts": "2016-04-30T00:17:02.006711838Z"}, {"ok": true, "asks": [{"price": 3405, "isBuy": false, "qty": 43}, {"price": 3423, "isBuy": false, "qty": 2980}, {"price": 3440, "isBuy": false, "qty": 2980}, {"price": 3457, "isBuy": false, "qty": 2980}, {"price": 4192, "isBuy": false, "qty": 86}], "bids": [{"price": 3284, "isBuy": true, "qty": 455}, {"price": 3284, "isBuy": true, "qty": 227}, {"price": 3252, "isBuy": true, "qty": 738}, {"price": 3220, "isBuy": true, "qty": 105}, {"price": 3189, "isBuy": true, "qty": 74}, {"price": 3176, "isBuy": true, "qty": 7019}, {"price": 3161, "isBuy": true, "qty": 7019}, {"price": 3146, "isBuy": true, "qty": 7019}], "symbol": "TFC", "venue": "BIYQEX", "ts": "2016-04-30T00:17:02.119783514Z"}, {"ok": true, "asks": [{"price": 3405, "isBuy": false, "qty": 43}, {"price": 3423, "isBuy": false, "qty": 2980}, {"price": 3440, "isBuy": false, "qty": 2980}, {"price": 3457, "isBuy": false, "qty": 2980}, {"price": 4192, "isBuy": false, "qty": 86}], "bids": [{"price": 3284, "isBuy": true, "qty": 455}, {"price": 3284, "isBuy": true, "qty": 227}, {"price": 3252, "isBuy": true, "qty": 738}, {"price": 3220, "isBuy": true, "qty": 105}, {"price": 3189, "isBuy": true, "qty": 74}, {"price": 3176, "isBuy": true, "qty": 7019}, {"price": 3161, "isBuy": true, "qty": 7019}, {"price": 3146, "isBuy": true, "qty": 7019}], "symbol": "TFC", "venue": "BIYQEX", "ts": "2016-04-30T00:17:02.239187971Z"}, {"ok": true, "asks": [{"price": 3405, "isBuy": false, "qty": 43}, {"price": 3423, "isBuy": false, "qty": 2980}, {"price": 3440, "isBuy": false, "qty": 2980}, {"price": 3457, "isBuy": false, "qty": 2980}, {"price": 4192, "isBuy": false, "qty": 86}], "bids": [{"price": 3284, "isBuy": true, "qty": 455}, {"price": 3284, "isBuy": true, "qty": 227}, {"price": 3252, "isBuy": true, "qty": 738}, {"price": 3220, "isBuy": true, "qty": 105}, {"price": 3189, "isBuy": true, "qty": 74}, {"price": 3176, "isBuy": true, "qty": 7019}, {"price": 3161, "isBuy": true, "qty": 7019}, {"price": 3146, "isBuy": true, "qty": 7019}], "symbol": "TFC", "venue": "BIYQEX", "ts": "2016-04-30T00:17:02.358074171Z"}, {"ok": true, "asks": [{"price": 3405, "isBuy": false, "qty": 43}, {"price": 3423, "isBuy": false, "qty": 2980}, {"price": 3440, "isBuy": false, "qty": 2980}, {"price": 3457, "isBuy": false, "qty": 2980}], "bids": [{"price": 3284, "isBuy": true, "qty": 455}, {"price": 3284, "isBuy": true, "qty": 227}, {"price": 3252, "isBuy": true, "qty": 738}, {"price": 3220, "isBuy": true, "qty": 105}, {"price": 3189, "isBuy": true, "qty": 74}, {"price": 3176, "isBuy": true, "qty": 7019}, {"price": 3161, "isBuy": true, "qty": 7019}, {"price": 3146, "isBuy": true, "qty": 7019}], "symbol": "TFC", "venue": "BIYQEX", "ts": "2016-04-30T00:17:02.50979105Z"}, {"ok": true, "asks": [{"price": 3308, "isBuy": false, "qty": 2985}, {"price": 3324, "isBuy": false, "qty": 2985}, {"price": 3340, "isBuy": false, "qty": 2985}, {"price": 3388, "isBuy": false, "qty": 86}], "bids": [{"price": 3276, "isBuy": true, "qty": 7014}, {"price": 3260, "isBuy": true, "qty": 7014}, {"price": 3252, "isBuy": true, "qty": 738}, {"price": 3244, "isBuy": true, "qty": 7014}, {"price": 3220, "isBuy": true, "qty": 105}, {"price": 3189, "isBuy": true, "qty": 74}], "symbol": "TFC", "venue": "BIYQEX", "ts": "2016-04-30T00:17:04.252660351Z"}, {"ok": true, "asks": [{"price": 3308, "isBuy": false, "qty": 2985}, {"price": 3324, "isBuy": false, "qty": 2985}, {"price": 3340, "isBuy": false, "qty": 2985}, {"price": 3388, "isBuy": false, "qty": 86}], "bids": [{"price": 3276, "isBuy": true, "qty": 7014}, {"price": 3260, "isBuy": true, "qty": 7014}, {"price": 3252, "isBuy": true, "qty": 738}, {"price": 3244, "isBuy": true, "qty": 7014}, {"price": 3220, "isBuy": true, "qty": 105}, {"price": 3189, "isBuy": true, "qty": 74}], "symbol": "TFC", "venue": "BIYQEX", "ts": "2016-04-30T00:17:04.798619112Z"}, {"ok": true, "asks": [{"price": 3308, "isBuy": false, "qty": 2985}, {"price": 3324, "isBuy": false, "qty": 2985}, {"price": 3340, "isBuy": false, "qty": 2985}], "bids": [{"price": 3292, "isBuy": true, "qty": 57}, {"price": 3276, "isBuy": true, "qty": 7014}, {"price": 3260, "isBuy": true, "qty": 7014}, {"price": 3252, "isBuy": true, "qty": 738}, {"price": 3244, "isBuy": true, "qty": 7014}, {"price": 3220, "isBuy": true, "qty": 105}, {"price": 3189, "isBuy": true, "qty": 74}], "symbol": "TFC", "venue": "BIYQEX", "ts": "2016-04-30T00:17:04.996825931Z"}, {"ok": true, "asks": [{"price": 3308, "isBuy": false, "qty": 2985}, {"price": 3324, "isBuy": false, "qty": 2985}, {"price": 3340, "isBuy": false, "qty": 2985}], "bids": [{"price": 3292, "isBuy": true, "qty": 57}, {"price": 3276, "isBuy": true, "qty": 7014}, {"price": 3260, "isBuy": true, "qty": 7014}, {"price": 3252, "isBuy": true, "qty": 738}, {"price": 3244, "isBuy": true, "qty": 7014}, {"price": 3220, "isBuy": true, "qty": 105}, {"price": 3189, "isBuy": true, "qty": 74}], "symbol": "TFC", "venue": "BIYQEX", "ts": "2016-04-30T00:17:05.095733253Z"}, {"ok": true, "asks": [{"price": 3308, "isBuy": false, "qty": 2985}, {"price": 3324, "isBuy": false, "qty": 2985}, {"price": 3340, "isBuy": false, "qty": 2985}], "bids": [{"price": 3292, "isBuy": true, "qty": 57}, {"price": 3276, "isBuy": true, "qty": 7014}, {"price": 3260, "isBuy": true, "qty": 7014}, {"price": 3252, "isBuy": true, "qty": 738}, {"price": 3244, "isBuy": true, "qty": 7014}, {"price": 3220, "isBuy": true, "qty": 105}, {"price": 3189, "isBuy": true, "qty": 74}], "symbol": "TFC", "venue": "BIYQEX", "ts": "2016-04-30T00:17:05.19418099Z"}, {"ok": true, "asks": [{"price": 3308, "isBuy": false, "qty": 2985}, {"price": 3324, "isBuy": false, "qty": 2985}, {"price": 3340, "isBuy": false, "qty": 2985}], "bids": [{"price": 3292, "isBuy": true, "qty": 57}, {"price": 3276, "isBuy": true, "qty": 7014}, {"price": 3260, "isBuy": true, "qty": 7014}, {"price": 3252, "isBuy": true, "qty": 738}, {"price": 3244, "isBuy": true, "qty": 7014}, {"price": 3220, "isBuy": true, "qty": 105}, {"price": 3189, "isBuy": true, "qty": 74}], "symbol": "TFC", "venue": "BIYQEX", "ts": "2016-04-30T00:17:05.456646442Z"}, {"ok": true, "asks": [{"price": 3308, "isBuy": false, "qty": 2935}, {"price": 3324, "isBuy": false, "qty": 2985}, {"price": 3340, "isBuy": false, "qty": 2985}], "bids": [{"price": 3292, "isBuy": true, "qty": 57}, {"price": 3276, "isBuy": true, "qty": 7014}, {"price": 3260, "isBuy": true, "qty": 7014}, {"price": 3252, "isBuy": true, "qty": 738}, {"price": 3244, "isBuy": true, "qty": 7014}, {"price": 3220, "isBuy": true, "qty": 105}, {"price": 3189, "isBuy": true, "qty": 74}], "symbol": "TFC", "venue": "BIYQEX", "ts": "2016-04-30T00:17:06.632139315Z"}, {"ok": true, "asks": [{"price": 3308, "isBuy": false, "qty": 2935}, {"price": 3324, "isBuy": false, "qty": 2985}, {"price": 3340, "isBuy": false, "qty": 2985}], "bids": [{"price": 3292, "isBuy": true, "qty": 57}, {"price": 3276, "isBuy": true, "qty": 7014}, {"price": 3260, "isBuy": true, "qty": 7014}, {"price": 3252, "isBuy": true, "qty": 738}, {"price": 3244, "isBuy": true, "qty": 7014}, {"price": 3220, "isBuy": true, "qty": 105}, {"price": 3189, "isBuy": true, "qty": 74}], "symbol": "TFC", "venue": "BIYQEX", "ts": "2016-04-30T00:17:07.474313907Z"}, {"ok": true, "asks": [{"price": 3308, "isBuy": false, "qty": 2910}, {"price": 3324, "isBuy": false, "qty": 2985}, {"price": 3340, "isBuy": false, "qty": 2985}], "bids": [{"price": 3276, "isBuy": true, "qty": 7014}, {"price": 3260, "isBuy": true, "qty": 7014}, {"price": 3252, "isBuy": true, "qty": 738}, {"price": 3244, "isBuy": true, "qty": 7014}, {"price": 3220, "isBuy": true, "qty": 105}, {"price": 3189, "isBuy": true, "qty": 74}], "symbol": "TFC", "venue": "BIYQEX", "ts": "2016-04-30T00:17:07.671851303Z"}, {"ok": true, "asks": [{"price": 3308, "isBuy": false, "qty": 2910}, {"price": 3324, "isBuy": false, "qty": 2985}, {"price": 3340, "isBuy": false, "qty": 2985}], "bids": [{"price": 3276, "isBuy": true, "qty": 7014}, {"price": 3260, "isBuy": true, "qty": 7014}, {"price": 3252, "isBuy": true, "qty": 738}, {"price": 3244, "isBuy": true, "qty": 7014}, {"price": 3220, "isBuy": true, "qty": 105}, {"price": 3189, "isBuy": true, "qty": 74}], "symbol": "TFC", "venue": "BIYQEX", "ts": "2016-04-30T00:17:07.771765506Z"}, {"ok": true, "asks": [{"price": 3308, "isBuy": false, "qty": 2910}, {"price": 3324, "isBuy": false, "qty": 2985}, {"price": 3340, "isBuy": false, "qty": 2985}], "bids": [{"price": 3276, "isBuy": true, "qty": 7014}, {"price": 3260, "isBuy": true, "qty": 7014}, {"price": 3252, "isBuy": true, "qty": 738}, {"price": 3244, "isBuy": true, "qty": 7014}, {"price": 3220, "isBuy": true, "qty": 105}, {"price": 3189, "isBuy": true, "qty": 74}], "symbol": "TFC", "venue": "BIYQEX", "ts": "2016-04-30T00:17:07.863696996Z"}, {"ok": true, "asks": [{"price": 3308, "isBuy": false, "qty": 2910}, {"price": 3324, "isBuy": false, "qty": 2985}, {"price": 3340, "isBuy": false, "qty": 2985}], "bids": [{"price": 3276, "isBuy": true, "qty": 7014}, {"price": 3260, "isBuy": true, "qty": 7014}, {"price": 3252, "isBuy": true, "qty": 738}, {"price": 3244, "isBuy": true, "qty": 7014}, {"price": 3220, "isBuy": true, "qty": 105}, {"price": 3189, "isBuy": true, "qty": 74}], "symbol": "TFC", "venue": "BIYQEX", "ts": "2016-04-30T00:17:08.119441921Z"}, {"ok": true, "asks": null, "bids": [{"price": 3292, "isBuy": true, "qty": 263}, {"price": 3220, "isBuy": true, "qty": 84}, {"price": 3192, "isBuy": true, "qty": 7012}, {"price": 3189, "isBuy": true, "qty": 74}, {"price": 3176, "isBuy": true, "qty": 7012}, {"price": 3160, "isBuy": true, "qty": 7012}], "symbol": "TFC", "venue": "BIYQEX", "ts": "2016-04-30T00:17:09.943609367Z"}, {"ok": true, "asks": null, "bids": [{"price": 3292, "isBuy": true, "qty": 263}, {"price": 3220, "isBuy": true, "qty": 84}, {"price": 3192, "isBuy": true, "qty": 7012}, {"price": 3189, "isBuy": true, "qty": 74}, {"price": 3176, "isBuy": true, "qty": 7012}, {"price": 3160, "isBuy": true, "qty": 7012}], "symbol": "TFC", "venue": "BIYQEX", "ts": "2016-04-30T00:17:10.169703477Z"}, {"ok": true, "asks": null, "bids": [{"price": 3292, "isBuy": true, "qty": 263}, {"price": 3220, "isBuy": true, "qty": 84}, {"price": 3192, "isBuy": true, "qty": 7012}, {"price": 3189, "isBuy": true, "qty": 74}, {"price": 3176, "isBuy": true, "qty": 7012}, {"price": 3160, "isBuy": true, "qty": 7012}], "symbol": "TFC", "venue": "BIYQEX", "ts": "2016-04-30T00:17:10.263816112Z"}, {"ok": true, "asks": null, "bids": [{"price": 3220, "isBuy": true, "qty": 84}, {"price": 3192, "isBuy": true, "qty": 7012}, {"price": 3189, "isBuy": true, "qty": 74}, {"price": 3176, "isBuy": true, "qty": 7012}, {"price": 3160, "isBuy": true, "qty": 7012}], "symbol": "TFC", "venue": "BIYQEX", "ts": "2016-04-30T00:17:10.456801762Z"}, {"ok": true, "asks": null, "bids": [{"price": 3252, "isBuy": true, "qty": 83}, {"price": 3192, "isBuy": true, "qty": 7012}, {"price": 3189, "isBuy": true, "qty": 74}, {"price": 3176, "isBuy": true, "qty": 7012}, {"price": 3160, "isBuy": true, "qty": 7012}], "symbol": "TFC", "venue": "BIYQEX", "ts": "2016-04-30T00:17:11.697131015Z"}, {"ok": true, "asks": null, "bids": [{"price": 3252, "isBuy": true, "qty": 83}, {"price": 3192, "isBuy": true, "qty": 7012}, {"price": 3189, "isBuy": true, "qty": 74}, {"price": 3176, "isBuy": true, "qty": 7012}, {"price": 3160, "isBuy": true, "qty": 7012}], "symbol": "TFC", "venue": "BIYQEX", "ts": "2016-04-30T00:17:12.917101871Z"}, {"ok": true, "asks": null, "bids": [{"price": 3252, "isBuy": true, "qty": 83}, {"price": 3223, "isBuy": true, "qty": 41}, {"price": 3192, "isBuy": true, "qty": 7012}, {"price": 3189, "isBuy": true, "qty": 74}, {"price": 3176, "isBuy": true, "qty": 7012}, {"price": 3160, "isBuy": true, "qty": 7012}], "symbol": "TFC", "venue": "BIYQEX", "ts": "2016-04-30T00:17:13.015633644Z"}, {"ok": true, "asks": null, "bids": [{"price": 3223, "isBuy": true, "qty": 41}, {"price": 3192, "isBuy": true, "qty": 7012}, {"price": 3189, "isBuy": true, "qty": 74}, {"price": 3176, "isBuy": true, "qty": 7012}, {"price": 3160, "isBuy": true, "qty": 7012}], "symbol": "TFC", "venue": "BIYQEX", "ts": "2016-04-30T00:17:13.527382771Z"}, {"ok": true, "asks": [{"price": 3242, "isBuy": false, "qty": 2840}, {"price": 3246, "isBuy": false, "qty": 132}, {"price": 3258, "isBuy": false, "qty": 2840}, {"price": 3274, "isBuy": false, "qty": 2840}, {"price": 3285, "isBuy": false, "qty": 176}], "bids": [{"price": 3223, "isBuy": true, "qty": 62}, {"price": 3210, "isBuy": true, "qty": 7114}, {"price": 3194, "isBuy": true, "qty": 7114}, {"price": 3189, "isBuy": true, "qty": 74}, {"price": 3178, "isBuy": true, "qty": 7114}], "symbol": "TFC", "venue": "BIYQEX", "ts": "2016-04-30T00:17:15.299712274Z"}, {"ok": true, "asks": [{"price": 3242, "isBuy": false, "qty": 2840}, {"price": 3246, "isBuy": false, "qty": 132}, {"price": 3258, "isBuy": false, "qty": 2840}, {"price": 3274, "isBuy": false, "qty": 2840}, {"price": 3285, "isBuy": false, "qty": 176}], "bids": [{"price": 3223, "isBuy": true, "qty": 62}, {"price": 3210, "isBuy": true, "qty": 7114}, {"price": 3194, "isBuy": true, "qty": 7114}, {"price": 3189, "isBuy": true, "qty": 74}, {"price": 3178, "isBuy": true, "qty": 7114}], "symbol": "TFC", "venue": "BIYQEX", "ts": "2016-04-30T00:17:15.464243839Z"}, {"ok": true, "asks": [{"price": 3242, "isBuy": false, "qty": 2840}, {"price": 3246, "isBuy": false, "qty": 132}, {"price": 3258, "isBuy": false, "qty": 2840}, {"price": 3274, "isBuy": false, "qty": 2840}, {"price": 3285, "isBuy": false, "qty": 176}], "bids": [{"price": 3210, "isBuy": true, "qty": 7114}, {"price": 3194, "isBuy": true, "qty": 7114}, {"price": 3189, "isBuy": true, "qty": 74}, {"price": 3178, "isBuy": true, "qty": 7114}], "symbol": "TFC", "venue": "BIYQEX", "ts": "2016-04-30T00:17:15.673997998Z"}, {"ok": true, "asks": [{"price": 3242, "isBuy": false, "qty": 2778}, {"price": 3246, "isBuy": false, "qty": 132}, {"price": 3258, "isBuy": false, "qty": 2840}, {"price": 3274, "isBuy": false, "qty": 2840}, {"price": 3285, "isBuy": false, "qty": 176}], "bids": [{"price": 3210, "isBuy": true, "qty": 7114}, {"price": 3194, "isBuy": true, "qty": 7114}, {"price": 3189, "isBuy": true, "qty": 74}, {"price": 3178, "isBuy": true, "qty": 7114}], "symbol": "TFC", "venue": "BIYQEX", "ts": "2016-04-30T00:17:17.178711014Z"}, {"ok": true, "asks": [{"price": 3242, "isBuy": false, "qty": 2778}, {"price": 3246, "isBuy": false, "qty": 132}, {"price": 3258, "isBuy": false, "qty": 2840}, {"price": 3274, "isBuy": false, "qty": 2840}, {"price": 3285, "isBuy": false, "qty": 176}], "bids": [{"price": 3210, "isBuy": true, "qty": 7114}, {"price": 3194, "isBuy": true, "qty": 7114}, {"price": 3189, "isBuy": true, "qty": 74}, {"price": 3178, "isBuy": true, "qty": 7114}], "symbol": "TFC", "venue": "BIYQEX", "ts": "2016-04-30T00:17:17.938349621Z"}, {"ok": true, "asks": [{"price": 3318, "isBuy": false, "qty": 2471}, {"price": 3334, "isBuy": false, "qty": 2471}, {"price": 3350, "isBuy": false, "qty": 2471}], "bids": [{"price": 3189, "isBuy": true, "qty": 74}], "symbol": "TFC", "venue": "BIYQEX", "ts": "2016-04-30T00:17:18.875954752Z"}, {"ok": true, "asks": [{"price": 3318, "isBuy": false, "qty": 2471}, {"price": 3334, "isBuy": false, "qty": 2471}, {"price": 3350, "isBuy": false, "qty": 2471}], "bids": [{"price": 3189, "isBuy": true, "qty": 74}], "symbol": "TFC", "venue": "BIYQEX", "ts": "2016-04-30T00:17:20.251114764Z"}, {"ok": true, "asks": [{"price": 3318, "isBuy": false, "qty": 2471}, {"price": 3334, "isBuy": false, "qty": 2471}, {"price": 3350, "isBuy": false, "qty": 2471}], "bids": [{"price": 3189, "isBuy": true, "qty": 74}], "symbol": "TFC", "venue": "BIYQEX", "ts": "2016-04-30T00:17:20.275710755Z"}, {"ok": true, "asks": [{"price": 3318, "isBuy": false, "qty": 2471}, {"price": 3334, "isBuy": false, "qty": 2471}, {"price": 3350, "isBuy": false, "qty": 2471}], "bids": [{"price": 3189, "isBuy": true, "qty": 74}], "symbol": "TFC", "venue": "BIYQEX", "ts": "2016-04-30T00:17:22.04469709Z"}, {"ok": true, "asks": [{"price": 3318, "isBuy": false, "qty": 2471}, {"price": 3334, "isBuy": false, "qty": 2471}, {"price": 3350, "isBuy": false, "qty": 2471}], "bids": [{"price": 3189, "isBuy": true, "qty": 74}], "symbol": "TFC", "venue": "BIYQEX", "ts": "2016-04-30T00:17:22.504857981Z"}, {"ok": true, "asks": [{"price": 2011, "isBuy": false, "qty": 497191}, {"price": 3245, "isBuy": false, "qty": 2471}, {"price": 3261, "isBuy": false, "qty": 2471}, {"price": 3277, "isBuy": false, "qty": 2471}], "bids": [{"price": 1991, "isBuy": true, "qty": 7528}, {"price": 1981, "isBuy": true, "qty": 7528}], "symbol": "TFC", "venue": "BIYQEX", "ts": "2016-04-30T00:17:23.767221315Z"}, {"ok": true, "asks": [{"price": 2051, "isBuy": false, "qty": 246312}, {"price": 3245, "isBuy": false, "qty": 2471}, {"price": 3261, "isBuy": false, "qty": 2471}, {"price": 3277, "isBuy": false, "qty": 2471}], "bids": [{"price": 2041, "isBuy": true, "qty": 7528}, {"price": 2031, "isBuy": true, "qty": 7528}, {"price": 2000, "isBuy": true, "qty": 16}], "symbol": "TFC", "venue": "BIYQEX", "ts": "2016-04-30T00:17:26.951227663Z"}, {"ok": true, "asks": [{"price": 2051, "isBuy": false, "qty": 246312}, {"price": 3245, "isBuy": false, "qty": 2471}, {"price": 3261, "isBuy": false, "qty": 2471}, {"price": 3277, "isBuy": false, "qty": 2471}], "bids": [{"price": 2041, "isBuy": true, "qty": 7528}, {"price": 2031, "isBuy": true, "qty": 7528}, {"price": 2000, "isBuy": true, "qty": 16}], "symbol": "TFC", "venue": "BIYQEX", "ts": "2016-04-30T00:17:27.164651477Z"}, {"ok": true, "asks": [{"price": 3313, "isBuy": false, "qty": 2441}, {"price": 3329, "isBuy": false, "qty": 2441}, {"price": 3345, "isBuy": false, "qty": 2441}], "bids": [{"price": 3281, "isBuy": true, "qty": 7558}, {"price": 3265, "isBuy": true, "qty": 7558}, {"price": 3249, "isBuy": true, "qty": 7558}, {"price": 2000, "isBuy": true, "qty": 16}], "symbol": "TFC", "venue": "BIYQEX", "ts": "2016-04-30T00:17:28.819693567Z"}, {"ok": true, "asks": [{"price": 3313, "isBuy": false, "qty": 2441}, {"price": 3329, "isBuy": false, "qty": 2441}, {"price": 3345, "isBuy": false, "qty": 2441}], "bids": [{"price": 3281, "isBuy": true, "qty": 7558}, {"price": 3265, "isBuy": true, "qty": 7558}, {"price": 3249, "isBuy": true, "qty": 7558}, {"price": 2000, "isBuy": true, "qty": 16}], "symbol": "TFC", "venue": "BIYQEX", "ts": "2016-04-30T00:17:29.237983565Z"}, {"ok": true, "asks": [{"price": 3295, "isBuy": false, "qty": 988}, {"price": 3313, "isBuy": false, "qty": 2441}, {"price": 3329, "isBuy": false, "qty": 2441}, {"price": 3345, "isBuy": false, "qty": 2441}], "bids": [{"price": 3281, "isBuy": true, "qty": 7558}, {"price": 3265, "isBuy": true, "qty": 7558}, {"price": 3249, "isBuy": true, "qty": 7558}, {"price": 2000, "isBuy": true, "qty": 16}], "symbol": "TFC", "venue": "BIYQEX", "ts": "2016-04-30T00:17:29.998431264Z"}, {"ok": true, "asks": [{"price": 3295, "isBuy": false, "qty": 988}, {"price": 3313, "isBuy": false, "qty": 2441}, {"price": 3329, "isBuy": false, "qty": 2441}, {"price": 3345, "isBuy": false, "qty": 2441}], "bids": [{"price": 3281, "isBuy": true, "qty": 7064}, {"price": 3265, "isBuy": true, "qty": 7558}, {"price": 3249, "isBuy": true, "qty": 7558}, {"price": 2000, "isBuy": true, "qty": 16}], "symbol": "TFC", "venue": "BIYQEX", "ts": "2016-04-30T00:17:31.28822957Z"}, {"ok": true, "asks": [{"price": 3295, "isBuy": false, "qty": 988}, {"price": 3313, "isBuy": false, "qty": 2441}, {"price": 3329, "isBuy": false, "qty": 2441}, {"price": 3345, "isBuy": false, "qty": 2441}], "bids": [{"price": 3281, "isBuy": true, "qty": 7064}, {"price": 3265, "isBuy": true, "qty": 7558}, {"price": 3249, "isBuy": true, "qty": 7558}, {"price": 2000, "isBuy": true, "qty": 16}], "symbol": "TFC", "venue": "BIYQEX", "ts": "2016-04-30T00:17:31.574181977Z"}, {"ok": true, "asks": [{"price": 3295, "isBuy": false, "qty": 988}, {"price": 3313, "isBuy": false, "qty": 2441}, {"price": 3329, "isBuy": false, "qty": 2441}, {"price": 3345, "isBuy": false, "qty": 2441}], "bids": [{"price": 3281, "isBuy": true, "qty": 7064}, {"price": 3265, "isBuy": true, "qty": 7558}, {"price": 3249, "isBuy": true, "qty": 7558}, {"price": 2000, "isBuy": true, "qty": 16}], "symbol": "TFC", "venue": "BIYQEX", "ts": "2016-04-30T00:17:31.669966773Z"}, {"ok": true, "asks": [{"price": 3295, "isBuy": false, "qty": 988}, {"price": 3313, "isBuy": false, "qty": 2441}, {"price": 3329, "isBuy": false, "qty": 2441}, {"price": 3345, "isBuy": false, "qty": 2441}], "bids": [{"price": 3281, "isBuy": true, "qty": 6817}, {"price": 3265, "isBuy": true, "qty": 7558}, {"price": 3249, "isBuy": true, "qty": 7558}, {"price": 2000, "isBuy": true, "qty": 16}], "symbol": "TFC", "venue": "BIYQEX", "ts": "2016-04-30T00:17:33.291136973Z"}, {"ok": true, "asks": null, "bids": [{"price": 3110, "isBuy": true, "qty": 7411}, {"price": 3095, "isBuy": true, "qty": 7411}, {"price": 3080, "isBuy": true, "qty": 7411}, {"price": 2000, "isBuy": true, "qty": 16}], "symbol": "TFC", "venue": "BIYQEX", "ts": "2016-04-30T00:17:34.002469521Z"}, {"ok": true, "asks": [{"price": 3217, "isBuy": false, "qty": 2535}, {"price": 3233, "isBuy": false, "qty": 2535}, {"price": 3249, "isBuy": false, "qty": 2535}], "bids": [{"price": 3185, "isBuy": true, "qty": 7400}, {"price": 3169, "isBuy": true, "qty": 7400}, {"price": 3153, "isBuy": true, "qty": 7400}, {"price": 2000, "isBuy": true, "qty": 16}], "symbol": "TFC", "venue": "BIYQEX", "ts": "2016-04-30T00:17:40.502990196Z"}, {"ok": true, "asks": [{"price": 3217, "isBuy": false, "qty": 2535}, {"price": 3233, "isBuy": false, "qty": 2535}, {"price": 3249, "isBuy": false, "qty": 2535}, {"price": 3279, "isBuy": false, "qty": 123}], "bids": [{"price": 3185, "isBuy": true, "qty": 7400}, {"price": 3169, "isBuy": true, "qty": 7400}, {"price": 3153, "isBuy": true, "qty": 7400}, {"price": 2000, "isBuy": true, "qty": 16}], "symbol": "TFC", "venue": "BIYQEX", "ts": "2016-04-30T00:17:41.307363629Z"}, {"ok": true, "asks": [{"price": 3200, "isBuy": false, "qty": 62}, {"price": 3217, "isBuy": false, "qty": 2535}, {"price": 3233, "isBuy": false, "qty": 2535}, {"price": 3249, "isBuy": false, "qty": 2535}, {"price": 3279, "isBuy": false, "qty": 123}], "bids": [{"price": 3185, "isBuy": true, "qty": 7400}, {"price": 3169, "isBuy": true, "qty": 7400}, {"price": 3153, "isBuy": true, "qty": 7400}, {"price": 2000, "isBuy": true, "qty": 16}], "symbol": "TFC", "venue": "BIYQEX", "ts": "2016-04-30T00:17:42.806656618Z"}, {"ok": true, "asks": [{"price": 3200, "isBuy": false, "qty": 62}, {"price": 3217, "isBuy": false, "qty": 2535}, {"price": 3233, "isBuy": false, "qty": 2535}, {"price": 3249, "isBuy": false, "qty": 2535}, {"price": 3279, "isBuy": false, "qty": 123}], "bids": [{"price": 3185, "isBuy": true, "qty": 7400}, {"price": 3169, "isBuy": true, "qty": 7400}, {"price": 3153, "isBuy": true, "qty": 7400}, {"price": 2000, "isBuy": true, "qty": 16}], "symbol": "TFC", "venue": "BIYQEX", "ts": "2016-04-30T00:17:42.903453386Z"}, {"ok": true, "asks": [{"price": 3200, "isBuy": false, "qty": 62}, {"price": 3217, "isBuy": false, "qty": 2535}, {"price": 3233, "isBuy": false, "qty": 2535}, {"price": 3249, "isBuy": false, "qty": 2535}], "bids": [{"price": 3185, "isBuy": true, "qty": 7400}, {"price": 3169, "isBuy": true, "qty": 7400}, {"price": 3153, "isBuy": true, "qty": 7400}, {"price": 2000, "isBuy": true, "qty": 16}], "symbol": "TFC", "venue": "BIYQEX", "ts": "2016-04-30T00:17:43.118916407Z"}, {"ok": true, "asks": [{"price": 3200, "isBuy": false, "qty": 62}, {"price": 3217, "isBuy": false, "qty": 2535}, {"price": 3233, "isBuy": false, "qty": 2535}, {"price": 3249, "isBuy": false, "qty": 2535}], "bids": [{"price": 3185, "isBuy": true, "qty": 7400}, {"price": 3169, "isBuy": true, "qty": 7400}, {"price": 3153, "isBuy": true, "qty": 7400}, {"price": 2000, "isBuy": true, "qty": 16}], "symbol": "TFC", "venue": "BIYQEX", "ts": "2016-04-30T00:17:43.123178004Z"}, {"ok": true, "asks": [{"price": 3184, "isBuy": false, "qty": 123}, {"price": 3206, "isBuy": false, "qty": 2425}, {"price": 3221, "isBuy": false, "qty": 2425}, {"price": 3236, "isBuy": false, "qty": 2425}], "bids": [{"price": 3176, "isBuy": true, "qty": 7557}, {"price": 3161, "isBuy": true, "qty": 7557}, {"price": 3146, "isBuy": true, "qty": 7557}, {"price": 2000, "isBuy": true, "qty": 16}], "symbol": "TFC", "venue": "BIYQEX", "ts": "2016-04-30T00:17:44.311727832Z"}, {"ok": true, "asks": [{"price": 3184, "isBuy": false, "qty": 123}, {"price": 3206, "isBuy": false, "qty": 2425}, {"price": 3221, "isBuy": false, "qty": 2425}, {"price": 3236, "isBuy": false, "qty": 2425}], "bids": [{"price": 3176, "isBuy": true, "qty": 7526}, {"price": 3161, "isBuy": true, "qty": 7557}, {"price": 3146, "isBuy": true, "qty": 7557}, {"price": 2000, "isBuy": true, "qty": 16}], "symbol": "TFC", "venue": "BIYQEX", "ts": "2016-04-30T00:17:45.437335834Z"}, {"ok": true, "asks": [{"price": 3184, "isBuy": false, "qty": 123}, {"price": 3206, "isBuy": false, "qty": 2425}, {"price": 3221, "isBuy": false, "qty": 2425}, {"price": 3236, "isBuy": false, "qty": 2425}], "bids": [{"price": 3176, "isBuy": true, "qty": 7526}, {"price": 3161, "isBuy": true, "qty": 7557}, {"price": 3146, "isBuy": true, "qty": 7557}, {"price": 2000, "isBuy": true, "qty": 16}], "symbol": "TFC", "venue": "BIYQEX", "ts": "2016-04-30T00:17:45.559178812Z"}, {"ok": true, "asks": [{"price": 3184, "isBuy": false, "qty": 123}, {"price": 3206, "isBuy": false, "qty": 2425}, {"price": 3221, "isBuy": false, "qty": 2425}, {"price": 3236, "isBuy": false, "qty": 2425}], "bids": [{"price": 3176, "isBuy": true, "qty": 7526}, {"price": 3161, "isBuy": true, "qty": 7557}, {"price": 3146, "isBuy": true, "qty": 7557}, {"price": 2000, "isBuy": true, "qty": 16}], "symbol": "TFC", "venue": "BIYQEX", "ts": "2016-04-30T00:17:45.612555221Z"}, {"ok": true, "asks": [{"price": 3184, "isBuy": false, "qty": 123}, {"price": 3206, "isBuy": false, "qty": 2425}, {"price": 3221, "isBuy": false, "qty": 2425}, {"price": 3236, "isBuy": false, "qty": 2425}], "bids": [{"price": 3176, "isBuy": true, "qty": 7511}, {"price": 3161, "isBuy": true, "qty": 7557}, {"price": 3146, "isBuy": true, "qty": 7557}, {"price": 2000, "isBuy": true, "qty": 16}], "symbol": "TFC", "venue": "BIYQEX", "ts": "2016-04-30T00:17:46.962828177Z"}, {"ok": true, "asks": [{"price": 3184, "isBuy": false, "qty": 123}, {"price": 3206, "isBuy": false, "qty": 2425}, {"price": 3221, "isBuy": false, "qty": 2425}, {"price": 3236, "isBuy": false, "qty": 2425}], "bids": [{"price": 3176, "isBuy": true, "qty": 7511}, {"price": 3161, "isBuy": true, "qty": 7557}, {"price": 3146, "isBuy": true, "qty": 7557}, {"price": 2000, "isBuy": true, "qty": 16}], "symbol": "TFC", "venue": "BIYQEX", "ts": "2016-04-30T00:17:47.868210858Z"}, {"ok": true, "asks": [{"price": 3184, "isBuy": false, "qty": 123}, {"price": 3206, "isBuy": false, "qty": 2425}, {"price": 3221, "isBuy": false, "qty": 2425}, {"price": 3236, "isBuy": false, "qty": 2425}], "bids": [{"price": 3176, "isBuy": true, "qty": 7511}, {"price": 3161, "isBuy": true, "qty": 7557}, {"price": 3146, "isBuy": true, "qty": 7557}, {"price": 2000, "isBuy": true, "qty": 16}], "symbol": "TFC", "venue": "BIYQEX", "ts": "2016-04-30T00:17:47.967558004Z"}, {"ok": true, "asks": [{"price": 3277, "isBuy": false, "qty": 2217}, {"price": 3293, "isBuy": false, "qty": 2217}, {"price": 3309, "isBuy": false, "qty": 2217}], "bids": [{"price": 2000, "isBuy": true, "qty": 16}], "symbol": "TFC", "venue": "BIYQEX", "ts": "2016-04-30T00:17:48.89162084Z"}, {"ok": true, "asks": [{"price": 3277, "isBuy": false, "qty": 2217}, {"price": 3293, "isBuy": false, "qty": 2217}, {"price": 3309, "isBuy": false, "qty": 2217}], "bids": [{"price": 2000, "isBuy": true, "qty": 16}], "symbol": "TFC", "venue": "BIYQEX", "ts": "2016-04-30T00:17:50.254573277Z"}, {"ok": true, "asks": [{"price": 3260, "isBuy": false, "qty": 4}, {"price": 3277, "isBuy": false, "qty": 2217}, {"price": 3293, "isBuy": false, "qty": 2217}, {"price": 3309, "isBuy": false, "qty": 2217}], "bids": [{"price": 2000, "isBuy": true, "qty": 16}], "symbol": "TFC", "venue": "BIYQEX", "ts": "2016-04-30T00:17:50.714908207Z"}, {"ok": true, "asks": [{"price": 3260, "isBuy": false, "qty": 4}, {"price": 3277, "isBuy": false, "qty": 2217}, {"price": 3293, "isBuy": false, "qty": 2217}, {"price": 3309, "isBuy": false, "qty": 2217}], "bids": [{"price": 2000, "isBuy": true, "qty": 16}], "symbol": "TFC", "venue": "BIYQEX", "ts": "2016-04-30T00:17:52.005519118Z"}, {"ok": true, "asks": [{"price": 3260, "isBuy": false, "qty": 4}, {"price": 3277, "isBuy": false, "qty": 2217}, {"price": 3293, "isBuy": false, "qty": 2217}, {"price": 3309, "isBuy": false, "qty": 2217}], "bids": [{"price": 2000, "isBuy": true, "qty": 16}], "symbol": "TFC", "venue": "BIYQEX", "ts": "2016-04-30T00:17:52.594911272Z"}, {"ok": true, "asks": [{"price": 3260, "isBuy": false, "qty": 4}, {"price": 3277, "isBuy": false, "qty": 2217}, {"price": 3293, "isBuy": false, "qty": 2217}, {"price": 3309, "isBuy": false, "qty": 2217}], "bids": [{"price": 2000, "isBuy": true, "qty": 16}], "symbol": "TFC", "venue": "BIYQEX", "ts": "2016-04-30T00:17:52.691529153Z"}, {"ok": true, "asks": [{"price": 3361, "isBuy": false, "qty": 2238}, {"price": 3377, "isBuy": false, "qty": 2238}, {"price": 3393, "isBuy": false, "qty": 2238}], "bids": [{"price": 2000, "isBuy": true, "qty": 16}], "symbol": "TFC", "venue": "BIYQEX", "ts": "2016-04-30T00:17:53.788045796Z"}, {"ok": true, "asks": [{"price": 3361, "isBuy": false, "qty": 2238}, {"price": 3377, "isBuy": false, "qty": 2238}, {"price": 3393, "isBuy": false, "qty": 2238}], "bids": [{"price": 2000, "isBuy": true, "qty": 16}], "symbol": "TFC", "venue": "BIYQEX", "ts": "2016-04-30T00:17:55.026352115Z"}, {"ok": true, "asks": [{"price": 3361, "isBuy": false, "qty": 2238}, {"price": 3377, "isBuy": false, "qty": 2238}, {"price": 3393, "isBuy": false, "qty": 2238}], "bids": [{"price": 2000, "isBuy": true, "qty": 16}], "symbol": "TFC", "venue": "BIYQEX", "ts": "2016-04-30T00:17:55.691632026Z"}, {"ok": true, "asks": [{"price": 3361, "isBuy": false, "qty": 2238}, {"price": 3377, "isBuy": false, "qty": 2238}, {"price": 3393, "isBuy": false, "qty": 2238}], "bids": [{"price": 2000, "isBuy": true, "qty": 16}], "symbol": "TFC", "venue": "BIYQEX", "ts": "2016-04-30T00:17:57.359150264Z"}, {"ok": true, "asks": [{"price": 3361, "isBuy": false, "qty": 2238}, {"price": 3377, "isBuy": false, "qty": 2238}, {"price": 3393, "isBuy": false, "qty": 2238}], "bids": [{"price": 2000, "isBuy": true, "qty": 16}], "symbol": "TFC", "venue": "BIYQEX", "ts": "2016-04-30T00:17:57.501181658Z"}, {"ok": true, "asks": [{"price": 3129, "isBuy": false, "qty": 2210}, {"price": 3144, "isBuy": false, "qty": 2210}, {"price": 3159, "isBuy": false, "qty": 2210}, {"price": 3287, "isBuy": false, "qty": 424}, {"price": 3323, "isBuy": false, "qty": 269}], "bids": [{"price": 3099, "isBuy": true, "qty": 7710}, {"price": 3084, "isBuy": true, "qty": 7710}, {"price": 3069, "isBuy": true, "qty": 7710}, {"price": 2000, "isBuy": true, "qty": 16}], "symbol": "TFC", "venue": "BIYQEX", "ts": "2016-04-30T00:17:59.370170657Z"}, {"ok": true, "asks": [{"price": 3129, "isBuy": false, "qty": 2210}, {"price": 3144, "isBuy": false, "qty": 2210}, {"price": 3159, "isBuy": false, "qty": 2210}, {"price": 3287, "isBuy": false, "qty": 424}, {"price": 3323, "isBuy": false, "qty": 269}], "bids": [{"price": 3099, "isBuy": true, "qty": 7710}, {"price": 3084, "isBuy": true, "qty": 7710}, {"price": 3069, "isBuy": true, "qty": 7710}, {"price": 2000, "isBuy": true, "qty": 16}], "symbol": "TFC", "venue": "BIYQEX", "ts": "2016-04-30T00:17:59.669978648Z"}, {"ok": true, "asks": [{"price": 3129, "isBuy": false, "qty": 2210}, {"price": 3144, "isBuy": false, "qty": 2210}, {"price": 3159, "isBuy": false, "qty": 2210}, {"price": 3287, "isBuy": false, "qty": 424}, {"price": 3323, "isBuy": false, "qty": 269}], "bids": [{"price": 3114, "isBuy": true, "qty": 990}, {"price": 3099, "isBuy": true, "qty": 7710}, {"price": 3084, "isBuy": true, "qty": 7710}, {"price": 3069, "isBuy": true, "qty": 7710}, {"price": 2000, "isBuy": true, "qty": 16}], "symbol": "TFC", "venue": "BIYQEX", "ts": "2016-04-30T00:18:01.774303047Z"}, {"ok": true, "asks": [{"price": 3129, "isBuy": false, "qty": 2210}, {"price": 3144, "isBuy": false, "qty": 2210}, {"price": 3159, "isBuy": false, "qty": 2210}, {"price": 3287, "isBuy": false, "qty": 424}, {"price": 3323, "isBuy": false, "qty": 269}], "bids": [{"price": 3114, "isBuy": true, "qty": 990}, {"price": 3099, "isBuy": true, "qty": 7710}, {"price": 3084, "isBuy": true, "qty": 7710}, {"price": 3069, "isBuy": true, "qty": 7710}, {"price": 2000, "isBuy": true, "qty": 16}], "symbol": "TFC", "venue": "BIYQEX", "ts": "2016-04-30T00:18:01.965349567Z"}, {"ok": true, "asks": [{"price": 3129, "isBuy": false, "qty": 2210}, {"price": 3144, "isBuy": false, "qty": 2210}, {"price": 3159, "isBuy": false, "qty": 2210}, {"price": 3287, "isBuy": false, "qty": 424}, {"price": 3323, "isBuy": false, "qty": 269}], "bids": [{"price": 3114, "isBuy": true, "qty": 990}, {"price": 3099, "isBuy": true, "qty": 7710}, {"price": 3084, "isBuy": true, "qty": 7710}, {"price": 3069, "isBuy": true, "qty": 7710}, {"price": 2000, "isBuy": true, "qty": 16}], "symbol": "TFC", "venue": "BIYQEX", "ts": "2016-04-30T00:18:02.063031675Z"}, {"ok": true, "asks": [{"price": 1959, "isBuy": false, "qty": 263480}, {"price": 3112, "isBuy": false, "qty": 497}, {"price": 3223, "isBuy": false, "qty": 2037}, {"price": 3239, "isBuy": false, "qty": 2037}, {"price": 3255, "isBuy": false, "qty": 2037}], "bids": [{"price": 1950, "isBuy": true, "qty": 7276}, {"price": 1941, "isBuy": true, "qty": 7276}, {"price": 1932, "isBuy": true, "qty": 7276}], "symbol": "TFC", "venue": "BIYQEX", "ts": "2016-04-30T00:18:04.080665583Z"}, {"ok": true, "asks": [{"price": 1959, "isBuy": false, "qty": 263480}, {"price": 3112, "isBuy": false, "qty": 497}, {"price": 3223, "isBuy": false, "qty": 2037}, {"price": 3239, "isBuy": false, "qty": 2037}, {"price": 3255, "isBuy": false, "qty": 2037}], "bids": [{"price": 1950, "isBuy": true, "qty": 7276}, {"price": 1941, "isBuy": true, "qty": 7276}, {"price": 1932, "isBuy": true, "qty": 7276}], "symbol": "TFC", "venue": "BIYQEX", "ts": "2016-04-30T00:18:04.458976942Z"}, {"ok": true, "asks": [{"price": 1959, "isBuy": false, "qty": 262985}, {"price": 3080, "isBuy": false, "qty": 504}, {"price": 3112, "isBuy": false, "qty": 497}, {"price": 3223, "isBuy": false, "qty": 2037}, {"price": 3239, "isBuy": false, "qty": 2037}, {"price": 3255, "isBuy": false, "qty": 2037}], "bids": [{"price": 1950, "isBuy": true, "qty": 7276}, {"price": 1941, "isBuy": true, "qty": 7276}, {"price": 1932, "isBuy": true, "qty": 7276}], "symbol": "TFC", "venue": "BIYQEX", "ts": "2016-04-30T00:18:06.024796075Z"}, {"ok": true, "asks": [{"price": 1959, "isBuy": false, "qty": 262985}, {"price": 3080, "isBuy": false, "qty": 504}, {"price": 3112, "isBuy": false, "qty": 497}, {"price": 3223, "isBuy": false, "qty": 2037}, {"price": 3239, "isBuy": false, "qty": 2037}, {"price": 3255, "isBuy": false, "qty": 2037}], "bids": [{"price": 1950, "isBuy": true, "qty": 7276}, {"price": 1941, "isBuy": true, "qty": 7276}, {"price": 1932, "isBuy": true, "qty": 7276}], "symbol": "TFC", "venue": "BIYQEX", "ts": "2016-04-30T00:18:06.847134731Z"}, {"ok": true, "asks": [{"price": 1959, "isBuy": false, "qty": 262738}, {"price": 3080, "isBuy": false, "qty": 504}, {"price": 3223, "isBuy": false, "qty": 2037}, {"price": 3239, "isBuy": false, "qty": 2037}, {"price": 3255, "isBuy": false, "qty": 2037}], "bids": [{"price": 1950, "isBuy": true, "qty": 7276}, {"price": 1941, "isBuy": true, "qty": 7276}, {"price": 1932, "isBuy": true, "qty": 7276}], "symbol": "TFC", "venue": "BIYQEX", "ts": "2016-04-30T00:18:07.043430714Z"}, {"ok": true, "asks": [{"price": 1959, "isBuy": false, "qty": 262738}, {"price": 3049, "isBuy": false, "qty": 624}, {"price": 3080, "isBuy": false, "qty": 504}, {"price": 3223, "isBuy": false, "qty": 2037}, {"price": 3239, "isBuy": false, "qty": 2037}, {"price": 3255, "isBuy": false, "qty": 2037}], "bids": [{"price": 1950, "isBuy": true, "qty": 7276}, {"price": 1941, "isBuy": true, "qty": 7276}, {"price": 1932, "isBuy": true, "qty": 7276}], "symbol": "TFC", "venue": "BIYQEX", "ts": "2016-04-30T00:18:08.233597934Z"}, {"ok": true, "asks": [{"price": 3080, "isBuy": false, "qty": 307}, {"price": 3220, "isBuy": false, "qty": 2723}, {"price": 3236, "isBuy": false, "qty": 2723}, {"price": 3252, "isBuy": false, "qty": 2723}], "bids": [{"price": 1960, "isBuy": true, "qty": 124}], "symbol": "TFC", "venue": "BIYQEX", "ts": "2016-04-30T00:18:09.56084478Z"}, {"ok": true, "asks": [{"price": 3018, "isBuy": false, "qty": 312}, {"price": 3080, "isBuy": false, "qty": 307}, {"price": 3220, "isBuy": false, "qty": 2723}, {"price": 3236, "isBuy": false, "qty": 2723}, {"price": 3252, "isBuy": false, "qty": 2723}], "bids": [{"price": 1960, "isBuy": true, "qty": 124}], "symbol": "TFC", "venue": "BIYQEX", "ts": "2016-04-30T00:18:10.632505591Z"}, {"ok": true, "asks": [{"price": 3018, "isBuy": false, "qty": 312}, {"price": 3049, "isBuy": false, "qty": 156}, {"price": 3080, "isBuy": false, "qty": 307}, {"price": 3220, "isBuy": false, "qty": 2723}, {"price": 3236, "isBuy": false, "qty": 2723}, {"price": 3252, "isBuy": false, "qty": 2723}], "bids": [{"price": 1960, "isBuy": true, "qty": 124}], "symbol": "TFC", "venue": "BIYQEX", "ts": "2016-04-30T00:18:11.90158069Z"}, {"ok": true, "asks": [{"price": 3018, "isBuy": false, "qty": 312}, {"price": 3049, "isBuy": false, "qty": 156}, {"price": 3080, "isBuy": false, "qty": 307}, {"price": 3220, "isBuy": false, "qty": 2723}, {"price": 3236, "isBuy": false, "qty": 2723}, {"price": 3252, "isBuy": false, "qty": 2723}], "bids": [{"price": 1960, "isBuy": true, "qty": 124}], "symbol": "TFC", "venue": "BIYQEX", "ts": "2016-04-30T00:18:12.004575389Z"}, {"ok": true, "asks": [{"price": 3018, "isBuy": false, "qty": 312}, {"price": 3049, "isBuy": false, "qty": 156}, {"price": 3080, "isBuy": false, "qty": 307}, {"price": 3220, "isBuy": false, "qty": 2723}, {"price": 3236, "isBuy": false, "qty": 2723}, {"price": 3252, "isBuy": false, "qty": 2723}], "bids": [{"price": 1960, "isBuy": true, "qty": 124}], "symbol": "TFC", "venue": "BIYQEX", "ts": "2016-04-30T00:18:12.004867945Z"}, {"ok": true, "asks": [{"price": 3018, "isBuy": false, "qty": 312}, {"price": 3049, "isBuy": false, "qty": 156}, {"price": 3080, "isBuy": false, "qty": 307}, {"price": 3220, "isBuy": false, "qty": 2723}, {"price": 3236, "isBuy": false, "qty": 2723}, {"price": 3252, "isBuy": false, "qty": 2723}], "bids": [{"price": 1960, "isBuy": true, "qty": 124}], "symbol": "TFC", "venue": "BIYQEX", "ts": "2016-04-30T00:18:12.10780365Z"}, {"ok": true, "asks": [{"price": 3018, "isBuy": false, "qty": 312}, {"price": 3049, "isBuy": false, "qty": 156}, {"price": 3220, "isBuy": false, "qty": 2723}, {"price": 3236, "isBuy": false, "qty": 2723}, {"price": 3252, "isBuy": false, "qty": 2723}], "bids": [{"price": 1960, "isBuy": true, "qty": 124}], "symbol": "TFC", "venue": "BIYQEX", "ts": "2016-04-30T00:18:12.299288241Z"}, {"ok": true, "asks": [{"price": 3018, "isBuy": false, "qty": 312}, {"price": 3049, "isBuy": false, "qty": 156}, {"price": 3220, "isBuy": false, "qty": 2723}, {"price": 3236, "isBuy": false, "qty": 2723}, {"price": 3252, "isBuy": false, "qty": 2723}], "bids": [{"price": 1960, "isBuy": true, "qty": 124}], "symbol": "TFC", "venue": "BIYQEX", "ts": "2016-04-30T00:18:12.911291015Z"}, {"ok": true, "asks": null, "bids": [{"price": 3078, "isBuy": true, "qty": 7024}, {"price": 3063, "isBuy": true, "qty": 7390}, {"price": 3048, "isBuy": true, "qty": 7390}, {"price": 1960, "isBuy": true, "qty": 124}], "symbol": "TFC", "venue": "BIYQEX", "ts": "2016-04-30T00:18:14.687074157Z"}, {"ok": true, "asks": null, "bids": [{"price": 3078, "isBuy": true, "qty": 6841}, {"price": 3063, "isBuy": true, "qty": 7390}, {"price": 3048, "isBuy": true, "qty": 7390}, {"price": 1960, "isBuy": true, "qty": 124}], "symbol": "TFC", "venue": "BIYQEX", "ts": "2016-04-30T00:18:17.074889064Z"}]