[{"ok": true, "asks": [{"price": 7047, "isBuy": false, "qty": 6376}, {"price": 7082, "isBuy": false, "qty": 6376}, {"price": 7117, "isBuy": false, "qty": 6376}], "bids": null, "symbol": "KOCM", "venue": "HKNBEX", "ts": "2016-04-24T07:52:43.684101051Z"}, {"ok": true, "asks": [{"price": 6940, "isBuy": false, "qty": 500}, {"price": 7047, "isBuy": false, "qty": 6376}, {"price": 7082, "isBuy": false, "qty": 6376}, {"price": 7117, "isBuy": false, "qty": 6376}], "bids": null, "symbol": "KOCM", "venue": "HKNBEX", "ts": "2016-04-24T07:52:47.512531572Z"}, {"ok": true, "asks": [{"price": 6624, "isBuy": false, "qty": 6231}, {"price": 6656, "isBuy": false, "qty": 6231}, {"price": 6676, "isBuy": false, "qty": 166}, {"price": 6688, "isBuy": false, "qty": 6231}, {"price": 6940, "isBuy": false, "qty": 299}], "bids": [{"price": 6560, "isBuy": true, "qty": 3606}, {"price": 6528, "isBuy": true, "qty": 3606}, {"price": 6496, "isBuy": true, "qty": 3606}], "symbol": "KOCM", "venue": "HKNBEX", "ts": "2016-04-24T07:52:48.19510327Z"}, {"ok": true, "asks": [{"price": 6624, "isBuy": false, "qty": 6231}, {"price": 6656, "isBuy": false, "qty": 6231}, {"price": 6676, "isBuy": false, "qty": 166}, {"price": 6688, "isBuy": false, "qty": 6231}, {"price": 6940, "isBuy": false, "qty": 299}], "bids": [{"price": 6560, "isBuy": true, "qty": 3606}, {"price": 6528, "isBuy": true, "qty": 3606}, {"price": 6496, "isBuy": true, "qty": 3606}], "symbol": "KOCM", "venue": "HKNBEX", "ts": "2016-04-24T07:52:49.543673221Z"}, {"ok": true, "asks": [{"price": 6624, "isBuy": false, "qty": 6231}, {"price": 6656, "isBuy": false, "qty": 6231}, {"price": 6676, "isBuy": false, "qty": 166}, {"price": 6688, "isBuy": false, "qty": 6231}, {"price": 6906, "isBuy": false, "qty": 250}, {"price": 6940, "isBuy": false, "qty": 299}], "bids": [{"price": 6560, "isBuy": true, "qty": 3606}, {"price": 6528, "isBuy": true, "qty": 3606}, {"price": 6496, "isBuy": true, "qty": 3606}], "symbol": "KOCM", "venue": "HKNBEX", "ts": "2016-04-24T07:52:50.878819387Z"}, {"ok": true, "asks": [{"price": 6624, "isBuy": false, "qty": 6231}, {"price": 6656, "isBuy": false, "qty": 6231}, {"price": 6676, "isBuy": false, "qty": 166}, {"price": 6688, "isBuy": false, "qty": 6231}, {"price": 6906, "isBuy": false, "qty": 250}, {"price": 6940, "isBuy": false, "qty": 299}], "bids": [{"price": 6560, "isBuy": true, "qty": 3606}, {"price": 6528, "isBuy": true, "qty": 3606}, {"price": 6496, "isBuy": true, "qty": 3606}], "symbol": "KOCM", "venue": "HKNBEX", "ts": "2016-04-24T07:52:51.048814634Z"}, {"ok": true, "asks": [{"price": 6624, "isBuy": false, "qty": 6231}, {"price": 6656, "isBuy": false, "qty": 6231}, {"price": 6676, "isBuy": false, "qty": 166}, {"price": 6688, "isBuy": false, "qty": 6231}, {"price": 6906, "isBuy": false, "qty": 250}, {"price": 6940, "isBuy": false, "qty": 299}], "bids": [{"price": 6560, "isBuy": true, "qty": 3606}, {"price": 6528, "isBuy": true, "qty": 3606}, {"price": 6496, "isBuy": true, "qty": 3606}], "symbol": "KOCM", "venue": "HKNBEX", "ts": "2016-04-24T07:52:51.126937286Z"}, {"ok": true, "asks": [{"price": 6624, "isBuy": false, "qty": 6231}, {"price": 6656, "isBuy": false, "qty": 6231}, {"price": 6676, "isBuy": false, "qty": 166}, {"price": 6688, "isBuy": false, "qty": 6231}, {"price": 6906, "isBuy": false, "qty": 250}, {"price": 6940, "isBuy": false, "qty": 299}], "bids": [{"price": 6560, "isBuy": true, "qty": 3606}, {"price": 6528, "isBuy": true, "qty": 3606}, {"price": 6496, "isBuy": true, "qty": 3606}], "symbol": "KOCM", "venue": "HKNBEX", "ts": "2016-04-24T07:52:52.468261165Z"}, {"ok": true, "asks": [{"price": 6624, "isBuy": false, "qty": 6231}, {"price": 6656, "isBuy": false, "qty": 6231}, {"price": 6676, "isBuy": false, "qty": 166}, {"price": 6688, "isBuy": false, "qty": 6231}, {"price": 6906, "isBuy": false, "qty": 250}, {"price": 6940, "isBuy": false, "qty": 299}], "bids": [{"price": 6560, "isBuy": true, "qty": 3606}, {"price": 6528, "isBuy": true, "qty": 3606}, {"price": 6496, "isBuy": true, "qty": 3606}], "symbol": "KOCM", "venue": "HKNBEX", "ts": "2016-04-24T07:52:52.704125977Z"}, {"ok": true, "asks": [{"price": 6702, "isBuy": false, "qty": 6107}, {"price": 6735, "isBuy": false, "qty": 6107}, {"price": 6768, "isBuy": false, "qty": 6107}, {"price": 6906, "isBuy": false, "qty": 250}, {"price": 6940, "isBuy": false, "qty": 299}], "bids": [{"price": 6658, "isBuy": true, "qty": 600}], "symbol": "KOCM", "venue": "HKNBEX", "ts": "2016-04-24T07:52:54.02735814Z"}, {"ok": true, "asks": [{"price": 6702, "isBuy": false, "qty": 6107}, {"price": 6735, "isBuy": false, "qty": 6107}, {"price": 6768, "isBuy": false, "qty": 6107}, {"price": 6906, "isBuy": false, "qty": 250}, {"price": 6940, "isBuy": false, "qty": 299}], "bids": [{"price": 6658, "isBuy": true, "qty": 600}], "symbol": "KOCM", "venue": "HKNBEX", "ts": "2016-04-24T07:52:54.149980558Z"}, {"ok": true, "asks": [{"price": 6702, "isBuy": false, "qty": 6107}, {"price": 6735, "isBuy": false, "qty": 6107}, {"price": 6768, "isBuy": false, "qty": 6107}, {"price": 6906, "isBuy": false, "qty": 250}, {"price": 6940, "isBuy": false, "qty": 299}], "bids": null, "symbol": "KOCM", "venue": "HKNBEX", "ts": "2016-04-24T07:52:54.364762995Z"}, {"ok": true, "asks": [{"price": 6702, "isBuy": false, "qty": 6107}, {"price": 6735, "isBuy": false, "qty": 6107}, {"price": 6768, "isBuy": false, "qty": 6107}, {"price": 6906, "isBuy": false, "qty": 250}, {"price": 6940, "isBuy": false, "qty": 299}], "bids": null, "symbol": "KOCM", "venue": "HKNBEX", "ts": "2016-04-24T07:52:54.814859228Z"}, {"ok": true, "asks": [{"price": 6702, "isBuy": false, "qty": 6107}, {"price": 6735, "isBuy": false, "qty": 6107}, {"price": 6768, "isBuy": false, "qty": 6107}, {"price": 6906, "isBuy": false, "qty": 250}, {"price": 6940, "isBuy": false, "qty": 299}], "bids": null, "symbol": "KOCM", "venue": "HKNBEX", "ts": "2016-04-24T07:52:56.147003235Z"}, {"ok": true, "asks": [{"price": 6702, "isBuy": false, "qty": 6107}, {"price": 6735, "isBuy": false, "qty": 6107}, {"price": 6768, "isBuy": false, "qty": 6107}, {"price": 6906, "isBuy": false, "qty": 250}, {"price": 6940, "isBuy": false, "qty": 299}], "bids": null, "symbol": "KOCM", "venue": "HKNBEX", "ts": "2016-04-24T07:52:56.31074226Z"}, {"ok": true, "asks": [{"price": 6702, "isBuy": false, "qty": 6107}, {"price": 6735, "isBuy": false, "qty": 6107}, {"price": 6768, "isBuy": false, "qty": 6107}, {"price": 6906, "isBuy": false, "qty": 250}, {"price": 6940, "isBuy": false, "qty": 299}], "bids": null, "symbol": "KOCM", "venue": "HKNBEX", "ts": "2016-04-24T07:52:56.980944252Z"}, {"ok": true, "asks": [{"price": 6702, "isBuy": false, "qty": 6107}, {"price": 6735, "isBuy": false, "qty": 6107}, {"price": 6768, "isBuy": false, "qty": 6107}, {"price": 6906, "isBuy": false, "qty": 250}, {"price": 6940, "isBuy": false, "qty": 299}], "bids": null, "symbol": "KOCM", "venue": "HKNBEX", "ts": "2016-04-24T07:52:57.63076379Z"}, {"ok": true, "asks": [{"price": 6702, "isBuy": false, "qty": 6107}, {"price": 6735, "isBuy": false, "qty": 6107}, {"price": 6768, "isBuy": false, "qty": 6107}, {"price": 6906, "isBuy": false, "qty": 250}, {"price": 6940, "isBuy": false, "qty": 299}], "bids": null, "symbol": "KOCM", "venue": "HKNBEX", "ts": "2016-04-24T07:52:57.795611456Z"}, {"ok": true, "asks": [{"price": 6809, "isBuy": false, "qty": 5972}, {"price": 6842, "isBuy": false, "qty": 5972}, {"price": 6875, "isBuy": false, "qty": 5972}, {"price": 6906, "isBuy": false, "qty": 250}, {"price": 6940, "isBuy": false, "qty": 299}], "bids": null, "symbol": "KOCM", "venue": "HKNBEX", "ts": "2016-04-24T07:52:59.141633792Z"}, {"ok": true, "asks": [{"price": 6809, "isBuy": false, "qty": 5972}, {"price": 6842, "isBuy": false, "qty": 5972}, {"price": 6875, "isBuy": false, "qty": 5972}, {"price": 6906, "isBuy": false, "qty": 250}, {"price": 6940, "isBuy": false, "qty": 299}], "bids": null, "symbol": "KOCM", "venue": "HKNBEX", "ts": "2016-04-24T07:52:59.307245416Z"}, {"ok": true, "asks": [{"price": 6809, "isBuy": false, "qty": 5972}, {"price": 6842, "isBuy": false, "qty": 5972}, {"price": 6875, "isBuy": false, "qty": 5972}, {"price": 6906, "isBuy": false, "qty": 250}, {"price": 6940, "isBuy": false, "qty": 299}], "bids": null, "symbol": "KOCM", "venue": "HKNBEX", "ts": "2016-04-24T07:53:00.32747445Z"}, {"ok": true, "asks": [{"price": 6809, "isBuy": false, "qty": 5972}, {"price": 6842, "isBuy": false, "qty": 5972}, {"price": 6875, "isBuy": false, "qty": 5972}, {"price": 6906, "isBuy": false, "qty": 250}, {"price": 6940, "isBuy": false, "qty": 299}], "bids": null, "symbol": "KOCM", "venue": "HKNBEX", "ts": "2016-04-24T07:53:00.637089201Z"}, {"ok": true, "asks": [{"price": 6809, "isBuy": false, "qty": 5972}, {"price": 6842, "isBuy": false, "qty": 5972}, {"price": 6875, "isBuy": false, "qty": 5972}, {"price": 6906, "isBuy": false, "qty": 250}, {"price": 6940, "isBuy": false, "qty": 299}], "bids": null, "symbol": "KOCM", "venue": "HKNBEX", "ts": "2016-04-24T07:53:00.79992566Z"}, {"ok": true, "asks": [{"price": 6809, "isBuy": false, "qty": 5972}, {"price": 6842, "isBuy": false, "qty": 5972}, {"price": 6875, "isBuy": false, "qty": 5972}, {"price": 6906, "isBuy": false, "qty": 250}, {"price": 6940, "isBuy": false, "qty": 299}], "bids": null, "symbol": "KOCM", "venue": "HKNBEX", "ts": "2016-04-24T07:53:02.137351612Z"}, {"ok": true, "asks": [{"price": 6809, "isBuy": false, "qty": 5972}, {"price": 6842, "isBuy": false, "qty": 5972}, {"price": 6875, "isBuy": false, "qty": 5972}, {"price": 6906, "isBuy": false, "qty": 250}, {"price": 6940, "isBuy": false, "qty": 299}], "bids": null, "symbol": "KOCM", "venue": "HKNBEX", "ts": "2016-04-24T07:53:02.315398212Z"}, {"ok": true, "asks": [{"price": 6931, "isBuy": false, "qty": 5974}, {"price": 6940, "isBuy": false, "qty": 299}, {"price": 6965, "isBuy": false, "qty": 5974}, {"price": 6999, "isBuy": false, "qty": 5974}], "bids": null, "symbol": "KOCM", "venue": "HKNBEX", "ts": "2016-04-24T07:53:03.648104653Z"}, {"ok": true, "asks": [{"price": 6931, "isBuy": false, "qty": 5974}, {"price": 6940, "isBuy": false, "qty": 299}, {"price": 6965, "isBuy": false, "qty": 5974}, {"price": 6999, "isBuy": false, "qty": 5974}], "bids": null, "symbol": "KOCM", "venue": "HKNBEX", "ts": "2016-04-24T07:53:03.675958167Z"}, {"ok": true, "asks": [{"price": 6931, "isBuy": false, "qty": 5974}, {"price": 6940, "isBuy": false, "qty": 299}, {"price": 6965, "isBuy": false, "qty": 5974}, {"price": 6999, "isBuy": false, "qty": 5974}], "bids": null, "symbol": "KOCM", "venue": "HKNBEX", "ts": "2016-04-24T07:53:04.971664467Z"}, {"ok": true, "asks": [{"price": 6931, "isBuy": false, "qty": 5974}, {"price": 6940, "isBuy": false, "qty": 299}, {"price": 6965, "isBuy": false, "qty": 5974}, {"price": 6999, "isBuy": false, "qty": 5974}], "bids": null, "symbol": "KOCM", "venue": "HKNBEX", "ts": "2016-04-24T07:53:06.301408524Z"}, {"ok": true, "asks": [{"price": 6931, "isBuy": false, "qty": 5974}, {"price": 6940, "isBuy": false, "qty": 299}, {"price": 6965, "isBuy": false, "qty": 5974}, {"price": 6999, "isBuy": false, "qty": 5974}], "bids": null, "symbol": "KOCM", "venue": "HKNBEX", "ts": "2016-04-24T07:53:07.000743721Z"}, {"ok": true, "asks": [{"price": 6931, "isBuy": false, "qty": 5974}, {"price": 6940, "isBuy": false, "qty": 299}, {"price": 6965, "isBuy": false, "qty": 5974}, {"price": 6999, "isBuy": false, "qty": 5974}], "bids": null, "symbol": "KOCM", "venue": "HKNBEX", "ts": "2016-04-24T07:53:07.63235413Z"}, {"ok": true, "asks": [{"price": 6984, "isBuy": false, "qty": 6027}, {"price": 7018, "isBuy": false, "qty": 6027}, {"price": 7052, "isBuy": false, "qty": 6027}], "bids": null, "symbol": "KOCM", "venue": "HKNBEX", "ts": "2016-04-24T07:53:10.3389684Z"}, {"ok": true, "asks": [{"price": 7080, "isBuy": false, "qty": 6107}, {"price": 7115, "isBuy": false, "qty": 6107}, {"price": 7150, "isBuy": false, "qty": 6107}], "bids": null, "symbol": "KOCM", "venue": "HKNBEX", "ts": "2016-04-24T07:53:13.695126282Z"}, {"ok": true, "asks": [{"price": 7080, "isBuy": false, "qty": 6107}, {"price": 7115, "isBuy": false, "qty": 6107}, {"price": 7150, "isBuy": false, "qty": 6107}], "bids": null, "symbol": "KOCM", "venue": "HKNBEX", "ts": "2016-04-24T07:53:17.036156594Z"}, {"ok": true, "asks": null, "bids": [{"price": 8903, "isBuy": true, "qty": 58122}, {"price": 6371, "isBuy": true, "qty": 5573}, {"price": 6339, "isBuy": true, "qty": 5573}, {"price": 6307, "isBuy": true, "qty": 5573}], "symbol": "KOCM", "venue": "HKNBEX", "ts": "2016-04-24T07:53:20.706229779Z"}, {"ok": true, "asks": [{"price": 6814, "isBuy": false, "qty": 4380}, {"price": 6847, "isBuy": false, "qty": 4380}, {"price": 6880, "isBuy": false, "qty": 4380}], "bids": [{"price": 6748, "isBuy": true, "qty": 5573}, {"price": 6715, "isBuy": true, "qty": 5573}, {"price": 6682, "isBuy": true, "qty": 5573}, {"price": 6498, "isBuy": true, "qty": 875}], "symbol": "KOCM", "venue": "HKNBEX", "ts": "2016-04-24T07:53:24.266191551Z"}, {"ok": true, "asks": [{"price": 6814, "isBuy": false, "qty": 4380}, {"price": 6847, "isBuy": false, "qty": 4380}, {"price": 6880, "isBuy": false, "qty": 4380}], "bids": [{"price": 6748, "isBuy": true, "qty": 5573}, {"price": 6715, "isBuy": true, "qty": 5573}, {"price": 6682, "isBuy": true, "qty": 5573}, {"price": 6498, "isBuy": true, "qty": 875}], "symbol": "KOCM", "venue": "HKNBEX", "ts": "2016-04-24T07:53:24.316406438Z"}, {"ok": true, "asks": [{"price": 6814, "isBuy": false, "qty": 4380}, {"price": 6847, "isBuy": false, "qty": 4380}, {"price": 6880, "isBuy": false, "qty": 4380}], "bids": [{"price": 6748, "isBuy": true, "qty": 5573}, {"price": 6715, "isBuy": true, "qty": 5573}, {"price": 6682, "isBuy": true, "qty": 5573}, {"price": 6498, "isBuy": true, "qty": 875}], "symbol": "KOCM", "venue": "HKNBEX", "ts": "2016-04-24T07:53:25.637523564Z"}, {"ok": true, "asks": [{"price": 6814, "isBuy": false, "qty": 4380}, {"price": 6847, "isBuy": false, "qty": 4380}, {"price": 6880, "isBuy": false, "qty": 4380}], "bids": [{"price": 6748, "isBuy": true, "qty": 5573}, {"price": 6715, "isBuy": true, "qty": 5573}, {"price": 6682, "isBuy": true, "qty": 5573}, {"price": 6498, "isBuy": true, "qty": 875}], "symbol": "KOCM", "venue": "HKNBEX", "ts": "2016-04-24T07:53:27.055235537Z"}, {"ok": true, "asks": null, "bids": [{"price": 6629, "isBuy": true, "qty": 5603}, {"price": 6596, "isBuy": true, "qty": 5603}, {"price": 6563, "isBuy": true, "qty": 5603}, {"price": 6498, "isBuy": true, "qty": 875}], "symbol": "KOCM", "venue": "HKNBEX", "ts": "2016-04-24T07:53:28.386518222Z"}, {"ok": true, "asks": null, "bids": [{"price": 6629, "isBuy": true, "qty": 5603}, {"price": 6596, "isBuy": true, "qty": 5603}, {"price": 6563, "isBuy": true, "qty": 5603}, {"price": 6498, "isBuy": true, "qty": 875}], "symbol": "KOCM", "venue": "HKNBEX", "ts": "2016-04-24T07:53:28.496404747Z"}, {"ok": true, "asks": null, "bids": [{"price": 6629, "isBuy": true, "qty": 5603}, {"price": 6596, "isBuy": true, "qty": 5603}, {"price": 6563, "isBuy": true, "qty": 5603}, {"price": 6498, "isBuy": true, "qty": 875}], "symbol": "KOCM", "venue": "HKNBEX", "ts": "2016-04-24T07:53:29.723087851Z"}, {"ok": true, "asks": null, "bids": [{"price": 6727, "isBuy": true, "qty": 390}, {"price": 6629, "isBuy": true, "qty": 5603}, {"price": 6596, "isBuy": true, "qty": 5603}, {"price": 6563, "isBuy": true, "qty": 5603}, {"price": 6498, "isBuy": true, "qty": 875}], "symbol": "KOCM", "venue": "HKNBEX", "ts": "2016-04-24T07:53:31.021520874Z"}, {"ok": true, "asks": null, "bids": [{"price": 6727, "isBuy": true, "qty": 390}, {"price": 6629, "isBuy": true, "qty": 5603}, {"price": 6596, "isBuy": true, "qty": 5603}, {"price": 6563, "isBuy": true, "qty": 5603}, {"price": 6498, "isBuy": true, "qty": 875}], "symbol": "KOCM", "venue": "HKNBEX", "ts": "2016-04-24T07:53:31.062127807Z"}, {"ok": true, "asks": null, "bids": [{"price": 6629, "isBuy": true, "qty": 5603}, {"price": 6596, "isBuy": true, "qty": 5603}, {"price": 6563, "isBuy": true, "qty": 5603}, {"price": 6498, "isBuy": true, "qty": 875}], "symbol": "KOCM", "venue": "HKNBEX", "ts": "2016-04-24T07:53:31.397406921Z"}, {"ok": true, "asks": null, "bids": [{"price": 6629, "isBuy": true, "qty": 5603}, {"price": 6596, "isBuy": true, "qty": 5603}, {"price": 6563, "isBuy": true, "qty": 5603}, {"price": 6498, "isBuy": true, "qty": 875}], "symbol": "KOCM", "venue": "HKNBEX", "ts": "2016-04-24T07:53:32.743733927Z"}, {"ok": true, "asks": [{"price": 7066, "isBuy": false, "qty": 4447}, {"price": 7101, "isBuy": false, "qty": 4447}, {"price": 7136, "isBuy": false, "qty": 4447}], "bids": [{"price": 6866, "isBuy": true, "qty": 5552}, {"price": 6832, "isBuy": true, "qty": 5552}, {"price": 6798, "isBuy": true, "qty": 5552}, {"price": 6761, "isBuy": true, "qty": 390}, {"price": 6498, "isBuy": true, "qty": 875}], "symbol": "KOCM", "venue": "HKNBEX", "ts": "2016-04-24T07:53:34.06536064Z"}, {"ok": true, "asks": [{"price": 7066, "isBuy": false, "qty": 4447}, {"price": 7101, "isBuy": false, "qty": 4447}, {"price": 7136, "isBuy": false, "qty": 4447}], "bids": [{"price": 6866, "isBuy": true, "qty": 5552}, {"price": 6832, "isBuy": true, "qty": 5552}, {"price": 6798, "isBuy": true, "qty": 5552}, {"price": 6761, "isBuy": true, "qty": 390}, {"price": 6498, "isBuy": true, "qty": 875}], "symbol": "KOCM", "venue": "HKNBEX", "ts": "2016-04-24T07:53:34.276543321Z"}, {"ok": true, "asks": [{"price": 7066, "isBuy": false, "qty": 4447}, {"price": 7101, "isBuy": false, "qty": 4447}, {"price": 7136, "isBuy": false, "qty": 4447}], "bids": [{"price": 6866, "isBuy": true, "qty": 5552}, {"price": 6832, "isBuy": true, "qty": 5552}, {"price": 6798, "isBuy": true, "qty": 5552}, {"price": 6761, "isBuy": true, "qty": 390}, {"price": 6498, "isBuy": true, "qty": 875}], "symbol": "KOCM", "venue": "HKNBEX", "ts": "2016-04-24T07:53:34.447716158Z"}, {"ok": true, "asks": [{"price": 7066, "isBuy": false, "qty": 4447}, {"price": 7101, "isBuy": false, "qty": 4447}, {"price": 7136, "isBuy": false, "qty": 4447}], "bids": [{"price": 6866, "isBuy": true, "qty": 5552}, {"price": 6832, "isBuy": true, "qty": 5552}, {"price": 6798, "isBuy": true, "qty": 5552}, {"price": 6761, "isBuy": true, "qty": 390}, {"price": 6498, "isBuy": true, "qty": 875}], "symbol": "KOCM", "venue": "HKNBEX", "ts": "2016-04-24T07:53:35.815379149Z"}, {"ok": true, "asks": [{"price": 7066, "isBuy": false, "qty": 4447}, {"price": 7101, "isBuy": false, "qty": 4447}, {"price": 7136, "isBuy": false, "qty": 4447}], "bids": [{"price": 6866, "isBuy": true, "qty": 5552}, {"price": 6832, "isBuy": true, "qty": 5552}, {"price": 6798, "isBuy": true, "qty": 5552}, {"price": 6761, "isBuy": true, "qty": 390}, {"price": 6498, "isBuy": true, "qty": 875}], "symbol": "KOCM", "venue": "HKNBEX", "ts": "2016-04-24T07:53:36.106591687Z"}, {"ok": true, "asks": [{"price": 7066, "isBuy": false, "qty": 4447}, {"price": 7101, "isBuy": false, "qty": 4447}, {"price": 7136, "isBuy": false, "qty": 4447}], "bids": [{"price": 6866, "isBuy": true, "qty": 5552}, {"price": 6832, "isBuy": true, "qty": 5552}, {"price": 6798, "isBuy": true, "qty": 5552}, {"price": 6761, "isBuy": true, "qty": 390}, {"price": 6498, "isBuy": true, "qty": 875}], "symbol": "KOCM", "venue": "HKNBEX", "ts": "2016-04-24T07:53:37.231044946Z"}, {"ok": true, "asks": [{"price": 7066, "isBuy": false, "qty": 4447}, {"price": 7101, "isBuy": false, "qty": 4447}, {"price": 7136, "isBuy": false, "qty": 4447}], "bids": [{"price": 6866, "isBuy": true, "qty": 5552}, {"price": 6832, "isBuy": true, "qty": 5552}, {"price": 6798, "isBuy": true, "qty": 5552}, {"price": 6761, "isBuy": true, "qty": 390}, {"price": 6498, "isBuy": true, "qty": 875}], "symbol": "KOCM", "venue": "HKNBEX", "ts": "2016-04-24T07:53:37.466611078Z"}, {"ok": true, "asks": [{"price": 7066, "isBuy": false, "qty": 4447}, {"price": 7101, "isBuy": false, "qty": 4447}, {"price": 7136, "isBuy": false, "qty": 4447}], "bids": [{"price": 6866, "isBuy": true, "qty": 5552}, {"price": 6832, "isBuy": true, "qty": 5552}, {"price": 6798, "isBuy": true, "qty": 5552}, {"price": 6761, "isBuy": true, "qty": 390}, {"price": 6498, "isBuy": true, "qty": 875}], "symbol": "KOCM", "venue": "HKNBEX", "ts": "2016-04-24T07:53:37.628834776Z"}, {"ok": true, "asks": [{"price": 6997, "isBuy": false, "qty": 4447}, {"price": 7031, "isBuy": false, "qty": 4447}, {"price": 7065, "isBuy": false, "qty": 4447}], "bids": [{"price": 6929, "isBuy": true, "qty": 5552}, {"price": 6895, "isBuy": true, "qty": 5552}, {"price": 6861, "isBuy": true, "qty": 5513}, {"price": 6761, "isBuy": true, "qty": 390}, {"price": 6498, "isBuy": true, "qty": 875}], "symbol": "KOCM", "venue": "HKNBEX", "ts": "2016-04-24T07:53:38.950509075Z"}, {"ok": true, "asks": [{"price": 6997, "isBuy": false, "qty": 4447}, {"price": 7031, "isBuy": false, "qty": 4447}, {"price": 7065, "isBuy": false, "qty": 4447}], "bids": [{"price": 6929, "isBuy": true, "qty": 5552}, {"price": 6895, "isBuy": true, "qty": 5552}, {"price": 6861, "isBuy": true, "qty": 5513}, {"price": 6761, "isBuy": true, "qty": 390}, {"price": 6498, "isBuy": true, "qty": 875}], "symbol": "KOCM", "venue": "HKNBEX", "ts": "2016-04-24T07:53:39.120539339Z"}, {"ok": true, "asks": [{"price": 6997, "isBuy": false, "qty": 4447}, {"price": 7031, "isBuy": false, "qty": 4447}, {"price": 7065, "isBuy": false, "qty": 4447}], "bids": [{"price": 6929, "isBuy": true, "qty": 5552}, {"price": 6895, "isBuy": true, "qty": 5552}, {"price": 6861, "isBuy": true, "qty": 5513}, {"price": 6761, "isBuy": true, "qty": 390}, {"price": 6498, "isBuy": true, "qty": 875}], "symbol": "KOCM", "venue": "HKNBEX", "ts": "2016-04-24T07:53:40.502325391Z"}, {"ok": true, "asks": [{"price": 6997, "isBuy": false, "qty": 4447}, {"price": 7031, "isBuy": false, "qty": 4447}, {"price": 7065, "isBuy": false, "qty": 4447}], "bids": [{"price": 6929, "isBuy": true, "qty": 5552}, {"price": 6895, "isBuy": true, "qty": 5552}, {"price": 6861, "isBuy": true, "qty": 5513}, {"price": 6761, "isBuy": true, "qty": 390}, {"price": 6498, "isBuy": true, "qty": 875}], "symbol": "KOCM", "venue": "HKNBEX", "ts": "2016-04-24T07:53:40.642154124Z"}, {"ok": true, "asks": [{"price": 6997, "isBuy": false, "qty": 4447}, {"price": 7031, "isBuy": false, "qty": 4447}, {"price": 7065, "isBuy": false, "qty": 4447}], "bids": [{"price": 6929, "isBuy": true, "qty": 5552}, {"price": 6895, "isBuy": true, "qty": 5552}, {"price": 6861, "isBuy": true, "qty": 5513}, {"price": 6761, "isBuy": true, "qty": 390}, {"price": 6498, "isBuy": true, "qty": 875}], "symbol": "KOCM", "venue": "HKNBEX", "ts": "2016-04-24T07:53:40.680166866Z"}, {"ok": true, "asks": [{"price": 6997, "isBuy": false, "qty": 4447}, {"price": 7031, "isBuy": false, "qty": 4447}, {"price": 7065, "isBuy": false, "qty": 4447}], "bids": [{"price": 6929, "isBuy": true, "qty": 5552}, {"price": 6895, "isBuy": true, "qty": 5552}, {"price": 6861, "isBuy": true, "qty": 5513}, {"price": 6761, "isBuy": true, "qty": 390}, {"price": 6498, "isBuy": true, "qty": 875}], "symbol": "KOCM", "venue": "HKNBEX", "ts": "2016-04-24T07:53:42.005254069Z"}, {"ok": true, "asks": [{"price": 6997, "isBuy": false, "qty": 4447}, {"price": 7031, "isBuy": false, "qty": 4447}, {"price": 7065, "isBuy": false, "qty": 4447}], "bids": [{"price": 6929, "isBuy": true, "qty": 5552}, {"price": 6895, "isBuy": true, "qty": 5552}, {"price": 6861, "isBuy": true, "qty": 5513}, {"price": 6761, "isBuy": true, "qty": 390}, {"price": 6498, "isBuy": true, "qty": 875}], "symbol": "KOCM", "venue": "HKNBEX", "ts": "2016-04-24T07:53:42.160447523Z"}, {"ok": true, "asks": null, "bids": [{"price": 6761, "isBuy": true, "qty": 86}, {"price": 6519, "isBuy": true, "qty": 5598}, {"price": 6498, "isBuy": true, "qty": 875}, {"price": 6487, "isBuy": true, "qty": 5598}, {"price": 6455, "isBuy": true, "qty": 5598}], "symbol": "KOCM", "venue": "HKNBEX", "ts": "2016-04-24T07:53:43.51335395Z"}, {"ok": true, "asks": [{"price": 6890, "isBuy": false, "qty": 324}], "bids": [{"price": 6519, "isBuy": true, "qty": 5598}, {"price": 6498, "isBuy": true, "qty": 875}, {"price": 6487, "isBuy": true, "qty": 5598}, {"price": 6455, "isBuy": true, "qty": 5598}], "symbol": "KOCM", "venue": "HKNBEX", "ts": "2016-04-24T07:53:43.851358782Z"}, {"ok": true, "asks": [{"price": 6890, "isBuy": false, "qty": 324}], "bids": [{"price": 6519, "isBuy": true, "qty": 5598}, {"price": 6498, "isBuy": true, "qty": 875}, {"price": 6487, "isBuy": true, "qty": 5598}, {"price": 6455, "isBuy": true, "qty": 5598}], "symbol": "KOCM", "venue": "HKNBEX", "ts": "2016-04-24T07:53:44.440236319Z"}, {"ok": true, "asks": [{"price": 6890, "isBuy": false, "qty": 324}], "bids": [{"price": 6519, "isBuy": true, "qty": 5598}, {"price": 6498, "isBuy": true, "qty": 875}, {"price": 6487, "isBuy": true, "qty": 5598}, {"price": 6455, "isBuy": true, "qty": 5598}], "symbol": "KOCM", "venue": "HKNBEX", "ts": "2016-04-24T07:53:45.266893888Z"}, {"ok": true, "asks": [{"price": 6890, "isBuy": false, "qty": 324}], "bids": [{"price": 6519, "isBuy": true, "qty": 5598}, {"price": 6498, "isBuy": true, "qty": 875}, {"price": 6487, "isBuy": true, "qty": 5598}, {"price": 6455, "isBuy": true, "qty": 5598}], "symbol": "KOCM", "venue": "HKNBEX", "ts": "2016-04-24T07:53:45.45761222Z"}, {"ok": true, "asks": [{"price": 6890, "isBuy": false, "qty": 324}], "bids": [{"price": 6519, "isBuy": true, "qty": 5598}, {"price": 6498, "isBuy": true, "qty": 875}, {"price": 6487, "isBuy": true, "qty": 5598}, {"price": 6455, "isBuy": true, "qty": 5598}], "symbol": "KOCM", "venue": "HKNBEX", "ts": "2016-04-24T07:53:46.81380221Z"}, {"ok": true, "asks": [{"price": 6890, "isBuy": false, "qty": 324}], "bids": [{"price": 6519, "isBuy": true, "qty": 5598}, {"price": 6498, "isBuy": true, "qty": 875}, {"price": 6487, "isBuy": true, "qty": 5598}, {"price": 6455, "isBuy": true, "qty": 5598}], "symbol": "KOCM", "venue": "HKNBEX", "ts": "2016-04-24T07:53:46.968945384Z"}, {"ok": true, "asks": [{"price": 6890, "isBuy": false, "qty": 324}], "bids": [{"price": 6627, "isBuy": true, "qty": 400}, {"price": 6519, "isBuy": true, "qty": 5598}, {"price": 6498, "isBuy": true, "qty": 875}, {"price": 6487, "isBuy": true, "qty": 5598}, {"price": 6455, "isBuy": true, "qty": 5598}], "symbol": "KOCM", "venue": "HKNBEX", "ts": "2016-04-24T07:53:47.788232713Z"}, {"ok": true, "asks": [{"price": 6976, "isBuy": false, "qty": 4380}, {"price": 7010, "isBuy": false, "qty": 4380}, {"price": 7044, "isBuy": false, "qty": 4380}], "bids": [{"price": 6627, "isBuy": true, "qty": 324}, {"price": 6498, "isBuy": true, "qty": 875}], "symbol": "KOCM", "venue": "HKNBEX", "ts": "2016-04-24T07:53:48.33356198Z"}, {"ok": true, "asks": [{"price": 6976, "isBuy": false, "qty": 4380}, {"price": 7010, "isBuy": false, "qty": 4380}, {"price": 7044, "isBuy": false, "qty": 4380}], "bids": [{"price": 6498, "isBuy": true, "qty": 875}], "symbol": "KOCM", "venue": "HKNBEX", "ts": "2016-04-24T07:53:48.658898692Z"}, {"ok": true, "asks": [{"price": 6753, "isBuy": false, "qty": 4357}, {"price": 6786, "isBuy": false, "qty": 4357}, {"price": 6819, "isBuy": false, "qty": 4357}], "bids": [{"price": 6649, "isBuy": true, "qty": 800}, {"price": 6581, "isBuy": true, "qty": 5642}, {"price": 6548, "isBuy": true, "qty": 5642}, {"price": 6515, "isBuy": true, "qty": 5642}], "symbol": "KOCM", "venue": "HKNBEX", "ts": "2016-04-24T07:53:54.737972804Z"}, {"ok": true, "asks": [{"price": 6753, "isBuy": false, "qty": 4357}, {"price": 6786, "isBuy": false, "qty": 4357}, {"price": 6819, "isBuy": false, "qty": 4357}], "bids": [{"price": 6649, "isBuy": true, "qty": 800}, {"price": 6581, "isBuy": true, "qty": 5642}, {"price": 6548, "isBuy": true, "qty": 5642}, {"price": 6515, "isBuy": true, "qty": 5642}], "symbol": "KOCM", "venue": "HKNBEX", "ts": "2016-04-24T07:53:54.8691847Z"}, {"ok": true, "asks": [{"price": 6753, "isBuy": false, "qty": 4357}, {"price": 6786, "isBuy": false, "qty": 4357}, {"price": 6819, "isBuy": false, "qty": 4357}], "bids": [{"price": 6712, "isBuy": true, "qty": 800}, {"price": 6581, "isBuy": true, "qty": 5642}, {"price": 6548, "isBuy": true, "qty": 5642}, {"price": 6515, "isBuy": true, "qty": 5642}], "symbol": "KOCM", "venue": "HKNBEX", "ts": "2016-04-24T07:53:57.591421623Z"}, {"ok": true, "asks": [{"price": 6753, "isBuy": false, "qty": 4357}, {"price": 6786, "isBuy": false, "qty": 4357}, {"price": 6819, "isBuy": false, "qty": 4357}], "bids": [{"price": 6712, "isBuy": true, "qty": 800}, {"price": 6581, "isBuy": true, "qty": 5642}, {"price": 6548, "isBuy": true, "qty": 5642}, {"price": 6515, "isBuy": true, "qty": 5642}], "symbol": "KOCM", "venue": "HKNBEX", "ts": "2016-04-24T07:53:57.759317845Z"}, {"ok": true, "asks": [{"price": 6797, "isBuy": false, "qty": 4376}, {"price": 6830, "isBuy": false, "qty": 4376}, {"price": 6863, "isBuy": false, "qty": 4376}], "bids": [{"price": 6712, "isBuy": true, "qty": 800}], "symbol": "KOCM", "venue": "HKNBEX", "ts": "2016-04-24T07:54:01.109129085Z"}, {"ok": true, "asks": [{"price": 6797, "isBuy": false, "qty": 4376}, {"price": 6830, "isBuy": false, "qty": 4376}, {"price": 6863, "isBuy": false, "qty": 4376}], "bids": [{"price": 6712, "isBuy": true, "qty": 800}], "symbol": "KOCM", "venue": "HKNBEX", "ts": "2016-04-24T07:54:01.552238552Z"}, {"ok": true, "asks": null, "bids": [{"price": 4085, "isBuy": true, "qty": 2958}, {"price": 4025, "isBuy": true, "qty": 6885}, {"price": 4005, "isBuy": true, "qty": 6885}, {"price": 3985, "isBuy": true, "qty": 6885}], "symbol": "KOCM", "venue": "HKNBEX", "ts": "2016-04-24T07:54:04.192720073Z"}, {"ok": true, "asks": null, "bids": [{"price": 4105, "isBuy": true, "qty": 800}, {"price": 4085, "isBuy": true, "qty": 2958}, {"price": 4025, "isBuy": true, "qty": 6885}, {"price": 4005, "isBuy": true, "qty": 6885}, {"price": 3985, "isBuy": true, "qty": 6885}], "symbol": "KOCM", "venue": "HKNBEX", "ts": "2016-04-24T07:54:07.900848174Z"}, {"ok": true, "asks": null, "bids": [{"price": 4105, "isBuy": true, "qty": 800}, {"price": 4085, "isBuy": true, "qty": 2958}, {"price": 4025, "isBuy": true, "qty": 6885}, {"price": 4005, "isBuy": true, "qty": 6885}, {"price": 3985, "isBuy": true, "qty": 6885}], "symbol": "KOCM", "venue": "HKNBEX", "ts": "2016-04-24T07:54:07.967591337Z"}, {"ok": true, "asks": [{"price": 6715, "isBuy": false, "qty": 44}, {"price": 6784, "isBuy": false, "qty": 96}, {"price": 6966, "isBuy": false, "qty": 3041}, {"price": 7000, "isBuy": false, "qty": 3041}, {"price": 7034, "isBuy": false, "qty": 3041}], "bids": [{"price": 6564, "isBuy": true, "qty": 6885}, {"price": 6532, "isBuy": true, "qty": 6885}, {"price": 6500, "isBuy": true, "qty": 6885}, {"price": 4166, "isBuy": true, "qty": 800}], "symbol": "KOCM", "venue": "HKNBEX", "ts": "2016-04-24T07:54:11.337041037Z"}, {"ok": true, "asks": [{"price": 6715, "isBuy": false, "qty": 44}, {"price": 6784, "isBuy": false, "qty": 96}, {"price": 6966, "isBuy": false, "qty": 3041}, {"price": 7000, "isBuy": false, "qty": 3041}, {"price": 7034, "isBuy": false, "qty": 3041}], "bids": [{"price": 6564, "isBuy": true, "qty": 6885}, {"price": 6532, "isBuy": true, "qty": 6885}, {"price": 6500, "isBuy": true, "qty": 6885}, {"price": 4166, "isBuy": true, "qty": 800}], "symbol": "KOCM", "venue": "HKNBEX", "ts": "2016-04-24T07:54:11.961086196Z"}, {"ok": true, "asks": [{"price": 6992, "isBuy": false, "qty": 3063}, {"price": 7026, "isBuy": false, "qty": 3063}, {"price": 7060, "isBuy": false, "qty": 3063}], "bids": [{"price": 6633, "isBuy": true, "qty": 205}, {"price": 6536, "isBuy": true, "qty": 6888}, {"price": 6504, "isBuy": true, "qty": 6888}, {"price": 6472, "isBuy": true, "qty": 6888}, {"price": 4166, "isBuy": true, "qty": 800}], "symbol": "KOCM", "venue": "HKNBEX", "ts": "2016-04-24T07:54:13.352470896Z"}, {"ok": true, "asks": [{"price": 6992, "isBuy": false, "qty": 3063}, {"price": 7026, "isBuy": false, "qty": 3063}, {"price": 7060, "isBuy": false, "qty": 3063}], "bids": [{"price": 6662, "isBuy": true, "qty": 400}, {"price": 6633, "isBuy": true, "qty": 205}, {"price": 6536, "isBuy": true, "qty": 6888}, {"price": 6504, "isBuy": true, "qty": 6888}, {"price": 6472, "isBuy": true, "qty": 6888}, {"price": 4166, "isBuy": true, "qty": 800}], "symbol": "KOCM", "venue": "HKNBEX", "ts": "2016-04-24T07:54:14.649645527Z"}, {"ok": true, "asks": [{"price": 6992, "isBuy": false, "qty": 3063}, {"price": 7026, "isBuy": false, "qty": 3063}, {"price": 7060, "isBuy": false, "qty": 3063}], "bids": [{"price": 6662, "isBuy": true, "qty": 400}, {"price": 6633, "isBuy": true, "qty": 205}, {"price": 6536, "isBuy": true, "qty": 6888}, {"price": 6504, "isBuy": true, "qty": 6888}, {"price": 6472, "isBuy": true, "qty": 6888}, {"price": 4166, "isBuy": true, "qty": 800}], "symbol": "KOCM", "venue": "HKNBEX", "ts": "2016-04-24T07:54:14.720201832Z"}, {"ok": true, "asks": [{"price": 6992, "isBuy": false, "qty": 3063}, {"price": 7026, "isBuy": false, "qty": 3063}, {"price": 7060, "isBuy": false, "qty": 3063}], "bids": [{"price": 6662, "isBuy": true, "qty": 400}, {"price": 6633, "isBuy": true, "qty": 205}, {"price": 6536, "isBuy": true, "qty": 6888}, {"price": 6504, "isBuy": true, "qty": 6888}, {"price": 6472, "isBuy": true, "qty": 6888}, {"price": 4166, "isBuy": true, "qty": 800}], "symbol": "KOCM", "venue": "HKNBEX", "ts": "2016-04-24T07:54:14.885099157Z"}, {"ok": true, "asks": [{"price": 6992, "isBuy": false, "qty": 3063}, {"price": 7026, "isBuy": false, "qty": 3063}, {"price": 7060, "isBuy": false, "qty": 3063}], "bids": [{"price": 6633, "isBuy": true, "qty": 205}, {"price": 6536, "isBuy": true, "qty": 6888}, {"price": 6504, "isBuy": true, "qty": 6888}, {"price": 6472, "isBuy": true, "qty": 6888}, {"price": 4166, "isBuy": true, "qty": 800}], "symbol": "KOCM", "venue": "HKNBEX", "ts": "2016-04-24T07:54:16.43587763Z"}, {"ok": true, "asks": [{"price": 6992, "isBuy": false, "qty": 3063}, {"price": 7026, "isBuy": false, "qty": 3063}, {"price": 7060, "isBuy": false, "qty": 3063}], "bids": [{"price": 6765, "isBuy": true, "qty": 400}, {"price": 6633, "isBuy": true, "qty": 205}, {"price": 6536, "isBuy": true, "qty": 6888}, {"price": 6504, "isBuy": true, "qty": 6888}, {"price": 6472, "isBuy": true, "qty": 6888}, {"price": 4166, "isBuy": true, "qty": 800}], "symbol": "KOCM", "venue": "HKNBEX", "ts": "2016-04-24T07:54:17.809562001Z"}, {"ok": true, "asks": [{"price": 6992, "isBuy": false, "qty": 3063}, {"price": 7026, "isBuy": false, "qty": 3063}, {"price": 7060, "isBuy": false, "qty": 3063}], "bids": [{"price": 6765, "isBuy": true, "qty": 400}, {"price": 6633, "isBuy": true, "qty": 205}, {"price": 6536, "isBuy": true, "qty": 6888}, {"price": 6504, "isBuy": true, "qty": 6888}, {"price": 6472, "isBuy": true, "qty": 6888}, {"price": 4166, "isBuy": true, "qty": 800}], "symbol": "KOCM", "venue": "HKNBEX", "ts": "2016-04-24T07:54:17.976176432Z"}, {"ok": true, "asks": [{"price": 6992, "isBuy": false, "qty": 3063}, {"price": 7026, "isBuy": false, "qty": 3063}, {"price": 7060, "isBuy": false, "qty": 3063}], "bids": [{"price": 6765, "isBuy": true, "qty": 400}, {"price": 6633, "isBuy": true, "qty": 205}, {"price": 6536, "isBuy": true, "qty": 6888}, {"price": 6504, "isBuy": true, "qty": 6888}, {"price": 6472, "isBuy": true, "qty": 6888}, {"price": 4166, "isBuy": true, "qty": 800}], "symbol": "KOCM", "venue": "HKNBEX", "ts": "2016-04-24T07:54:18.018092713Z"}, {"ok": true, "asks": [{"price": 6942, "isBuy": false, "qty": 3111}, {"price": 6976, "isBuy": false, "qty": 3111}, {"price": 7010, "isBuy": false, "qty": 3111}], "bids": [{"price": 6874, "isBuy": true, "qty": 6788}, {"price": 6840, "isBuy": true, "qty": 6788}, {"price": 6806, "isBuy": true, "qty": 6788}, {"price": 4166, "isBuy": true, "qty": 800}], "symbol": "KOCM", "venue": "HKNBEX", "ts": "2016-04-24T07:54:19.573005937Z"}, {"ok": true, "asks": [{"price": 6942, "isBuy": false, "qty": 3111}, {"price": 6976, "isBuy": false, "qty": 3111}, {"price": 7010, "isBuy": false, "qty": 3111}], "bids": [{"price": 6874, "isBuy": true, "qty": 6788}, {"price": 6840, "isBuy": true, "qty": 6788}, {"price": 6806, "isBuy": true, "qty": 6788}, {"price": 6765, "isBuy": true, "qty": 362}, {"price": 4166, "isBuy": true, "qty": 800}], "symbol": "KOCM", "venue": "HKNBEX", "ts": "2016-04-24T07:54:20.940535631Z"}, {"ok": true, "asks": [{"price": 6942, "isBuy": false, "qty": 3111}, {"price": 6976, "isBuy": false, "qty": 3111}, {"price": 7010, "isBuy": false, "qty": 3111}], "bids": [{"price": 6874, "isBuy": true, "qty": 6788}, {"price": 6840, "isBuy": true, "qty": 6788}, {"price": 6806, "isBuy": true, "qty": 6788}, {"price": 6765, "isBuy": true, "qty": 362}, {"price": 4166, "isBuy": true, "qty": 800}], "symbol": "KOCM", "venue": "HKNBEX", "ts": "2016-04-24T07:54:21.098477731Z"}, {"ok": true, "asks": [{"price": 6942, "isBuy": false, "qty": 3111}, {"price": 6976, "isBuy": false, "qty": 3111}, {"price": 7010, "isBuy": false, "qty": 3111}], "bids": [{"price": 6874, "isBuy": true, "qty": 6788}, {"price": 6840, "isBuy": true, "qty": 6788}, {"price": 6806, "isBuy": true, "qty": 6788}, {"price": 6765, "isBuy": true, "qty": 362}, {"price": 4166, "isBuy": true, "qty": 800}], "symbol": "KOCM", "venue": "HKNBEX", "ts": "2016-04-24T07:54:21.369291752Z"}, {"ok": true, "asks": [{"price": 6942, "isBuy": false, "qty": 3111}, {"price": 6976, "isBuy": false, "qty": 3111}, {"price": 7010, "isBuy": false, "qty": 3111}], "bids": [{"price": 6874, "isBuy": true, "qty": 6788}, {"price": 6840, "isBuy": true, "qty": 6788}, {"price": 6806, "isBuy": true, "qty": 6788}, {"price": 6765, "isBuy": true, "qty": 362}, {"price": 4166, "isBuy": true, "qty": 800}], "symbol": "KOCM", "venue": "HKNBEX", "ts": "2016-04-24T07:54:22.465791282Z"}, {"ok": true, "asks": [{"price": 6942, "isBuy": false, "qty": 3111}, {"price": 6976, "isBuy": false, "qty": 3111}, {"price": 7010, "isBuy": false, "qty": 3111}], "bids": [{"price": 6874, "isBuy": true, "qty": 6788}, {"price": 6840, "isBuy": true, "qty": 6788}, {"price": 6806, "isBuy": true, "qty": 6788}, {"price": 6765, "isBuy": true, "qty": 362}, {"price": 4166, "isBuy": true, "qty": 800}], "symbol": "KOCM", "venue": "HKNBEX", "ts": "2016-04-24T07:54:22.621274216Z"}, {"ok": true, "asks": null, "bids": [{"price": 9229, "isBuy": true, "qty": 25598}, {"price": 4302, "isBuy": true, "qty": 40357}, {"price": 4239, "isBuy": true, "qty": 4794}, {"price": 4218, "isBuy": true, "qty": 4794}, {"price": 4197, "isBuy": true, "qty": 4794}, {"price": 4166, "isBuy": true, "qty": 800}], "symbol": "KOCM", "venue": "HKNBEX", "ts": "2016-04-24T07:54:23.991836687Z"}, {"ok": true, "asks": null, "bids": [{"price": 9229, "isBuy": true, "qty": 24761}, {"price": 4302, "isBuy": true, "qty": 40357}, {"price": 4239, "isBuy": true, "qty": 4794}, {"price": 4218, "isBuy": true, "qty": 4794}, {"price": 4197, "isBuy": true, "qty": 4794}, {"price": 4166, "isBuy": true, "qty": 800}], "symbol": "KOCM", "venue": "HKNBEX", "ts": "2016-04-24T07:54:24.866464671Z"}, {"ok": true, "asks": null, "bids": [{"price": 9229, "isBuy": true, "qty": 24761}, {"price": 4302, "isBuy": true, "qty": 40357}, {"price": 4239, "isBuy": true, "qty": 4794}, {"price": 4218, "isBuy": true, "qty": 4794}, {"price": 4197, "isBuy": true, "qty": 4794}, {"price": 4166, "isBuy": true, "qty": 800}], "symbol": "KOCM", "venue": "HKNBEX", "ts": "2016-04-24T07:54:25.489645224Z"}, {"ok": true, "asks": null, "bids": [{"price": 9229, "isBuy": true, "qty": 24761}, {"price": 4302, "isBuy": true, "qty": 40357}, {"price": 4239, "isBuy": true, "qty": 4794}, {"price": 4218, "isBuy": true, "qty": 4794}, {"price": 4197, "isBuy": true, "qty": 4794}, {"price": 4166, "isBuy": true, "qty": 800}], "symbol": "KOCM", "venue": "HKNBEX", "ts": "2016-04-24T07:54:26.868572014Z"}, {"ok": true, "asks": [{"price": 6759, "isBuy": false, "qty": 3651}, {"price": 6792, "isBuy": false, "qty": 3651}, {"price": 6825, "isBuy": false, "qty": 3651}], "bids": [{"price": 4388, "isBuy": true, "qty": 599}, {"price": 4166, "isBuy": true, "qty": 800}], "symbol": "KOCM", "venue": "HKNBEX", "ts": "2016-04-24T07:54:28.125672457Z"}, {"ok": true, "asks": null, "bids": [{"price": 6693, "isBuy": true, "qty": 6348}, {"price": 6660, "isBuy": true, "qty": 6348}, {"price": 6627, "isBuy": true, "qty": 6348}, {"price": 4388, "isBuy": true, "qty": 599}, {"price": 4166, "isBuy": true, "qty": 800}], "symbol": "KOCM", "venue": "HKNBEX", "ts": "2016-04-24T07:54:28.236213375Z"}, {"ok": true, "asks": null, "bids": [{"price": 6693, "isBuy": true, "qty": 6348}, {"price": 6660, "isBuy": true, "qty": 6348}, {"price": 6627, "isBuy": true, "qty": 6348}, {"price": 4388, "isBuy": true, "qty": 599}, {"price": 4166, "isBuy": true, "qty": 800}], "symbol": "KOCM", "venue": "HKNBEX", "ts": "2016-04-24T07:54:28.399787734Z"}, {"ok": true, "asks": null, "bids": [{"price": 6693, "isBuy": true, "qty": 6348}, {"price": 6660, "isBuy": true, "qty": 6348}, {"price": 6627, "isBuy": true, "qty": 6348}, {"price": 4388, "isBuy": true, "qty": 599}, {"price": 4166, "isBuy": true, "qty": 800}], "symbol": "KOCM", "venue": "HKNBEX", "ts": "2016-04-24T07:54:29.775236574Z"}, {"ok": true, "asks": null, "bids": [{"price": 6693, "isBuy": true, "qty": 6348}, {"price": 6660, "isBuy": true, "qty": 6348}, {"price": 6627, "isBuy": true, "qty": 6348}, {"price": 4388, "isBuy": true, "qty": 599}, {"price": 4166, "isBuy": true, "qty": 800}], "symbol": "KOCM", "venue": "HKNBEX", "ts": "2016-04-24T07:54:29.941053498Z"}, {"ok": true, "asks": null, "bids": [{"price": 6693, "isBuy": true, "qty": 6348}, {"price": 6660, "isBuy": true, "qty": 6348}, {"price": 6627, "isBuy": true, "qty": 6348}, {"price": 4388, "isBuy": true, "qty": 599}, {"price": 4249, "isBuy": true, "qty": 300}, {"price": 4166, "isBuy": true, "qty": 800}], "symbol": "KOCM", "venue": "HKNBEX", "ts": "2016-04-24T07:54:31.312152478Z"}, {"ok": true, "asks": null, "bids": [{"price": 6693, "isBuy": true, "qty": 6348}, {"price": 6660, "isBuy": true, "qty": 6348}, {"price": 6627, "isBuy": true, "qty": 6348}, {"price": 4388, "isBuy": true, "qty": 599}, {"price": 4249, "isBuy": true, "qty": 300}, {"price": 4166, "isBuy": true, "qty": 800}], "symbol": "KOCM", "venue": "HKNBEX", "ts": "2016-04-24T07:54:31.482198541Z"}, {"ok": true, "asks": null, "bids": [{"price": 6693, "isBuy": true, "qty": 6348}, {"price": 6660, "isBuy": true, "qty": 6348}, {"price": 6627, "isBuy": true, "qty": 6348}, {"price": 4388, "isBuy": true, "qty": 599}, {"price": 4249, "isBuy": true, "qty": 300}, {"price": 4166, "isBuy": true, "qty": 800}], "symbol": "KOCM", "venue": "HKNBEX", "ts": "2016-04-24T07:54:31.489107481Z"}, {"ok": true, "asks": null, "bids": [{"price": 6693, "isBuy": true, "qty": 6348}, {"price": 6660, "isBuy": true, "qty": 6348}, {"price": 6627, "isBuy": true, "qty": 6348}, {"price": 4388, "isBuy": true, "qty": 599}, {"price": 4249, "isBuy": true, "qty": 300}, {"price": 4166, "isBuy": true, "qty": 800}], "symbol": "KOCM", "venue": "HKNBEX", "ts": "2016-04-24T07:54:31.656581985Z"}, {"ok": true, "asks": null, "bids": [{"price": 6693, "isBuy": true, "qty": 6348}, {"price": 6660, "isBuy": true, "qty": 6348}, {"price": 6627, "isBuy": true, "qty": 6348}, {"price": 4388, "isBuy": true, "qty": 599}, {"price": 4249, "isBuy": true, "qty": 300}, {"price": 4166, "isBuy": true, "qty": 800}], "symbol": "KOCM", "venue": "HKNBEX", "ts": "2016-04-24T07:54:33.017599335Z"}, {"ok": true, "asks": null, "bids": [{"price": 6548, "isBuy": true, "qty": 6450}, {"price": 6516, "isBuy": true, "qty": 6450}, {"price": 6484, "isBuy": true, "qty": 6450}, {"price": 4388, "isBuy": true, "qty": 599}, {"price": 4249, "isBuy": true, "qty": 300}, {"price": 4166, "isBuy": true, "qty": 800}], "symbol": "KOCM", "venue": "HKNBEX", "ts": "2016-04-24T07:54:33.245074995Z"}, {"ok": true, "asks": null, "bids": [{"price": 6548, "isBuy": true, "qty": 6450}, {"price": 6516, "isBuy": true, "qty": 6450}, {"price": 6484, "isBuy": true, "qty": 6450}, {"price": 4388, "isBuy": true, "qty": 599}, {"price": 4249, "isBuy": true, "qty": 300}, {"price": 4166, "isBuy": true, "qty": 800}], "symbol": "KOCM", "venue": "HKNBEX", "ts": "2016-04-24T07:54:33.502620477Z"}, {"ok": true, "asks": null, "bids": [{"price": 6548, "isBuy": true, "qty": 6450}, {"price": 6516, "isBuy": true, "qty": 6450}, {"price": 6484, "isBuy": true, "qty": 6450}, {"price": 4388, "isBuy": true, "qty": 599}, {"price": 4249, "isBuy": true, "qty": 300}, {"price": 4166, "isBuy": true, "qty": 800}], "symbol": "KOCM", "venue": "HKNBEX", "ts": "2016-04-24T07:54:34.531944501Z"}, {"ok": true, "asks": null, "bids": [{"price": 6548, "isBuy": true, "qty": 6450}, {"price": 6516, "isBuy": true, "qty": 6450}, {"price": 6484, "isBuy": true, "qty": 6450}, {"price": 4388, "isBuy": true, "qty": 599}, {"price": 4249, "isBuy": true, "qty": 300}, {"price": 4166, "isBuy": true, "qty": 800}], "symbol": "KOCM", "venue": "HKNBEX", "ts": "2016-04-24T07:54:34.90525732Z"}, {"ok": true, "asks": null, "bids": [{"price": 6548, "isBuy": true, "qty": 6450}, {"price": 6516, "isBuy": true, "qty": 6450}, {"price": 6484, "isBuy": true, "qty": 6450}, {"price": 4388, "isBuy": true, "qty": 599}, {"price": 4249, "isBuy": true, "qty": 300}, {"price": 4166, "isBuy": true, "qty": 800}], "symbol": "KOCM", "venue": "HKNBEX", "ts": "2016-04-24T07:54:35.069355174Z"}, {"ok": true, "asks": null, "bids": [{"price": 6548, "isBuy": true, "qty": 6450}, {"price": 6516, "isBuy": true, "qty": 6450}, {"price": 6484, "isBuy": true, "qty": 6450}, {"price": 4388, "isBuy": true, "qty": 599}, {"price": 4249, "isBuy": true, "qty": 300}, {"price": 4166, "isBuy": true, "qty": 800}], "symbol": "KOCM", "venue": "HKNBEX", "ts": "2016-04-24T07:54:35.235358697Z"}, {"ok": true, "asks": null, "bids": [{"price": 6548, "isBuy": true, "qty": 6450}, {"price": 6516, "isBuy": true, "qty": 6450}, {"price": 6484, "isBuy": true, "qty": 6450}, {"price": 4388, "isBuy": true, "qty": 599}, {"price": 4249, "isBuy": true, "qty": 300}, {"price": 4166, "isBuy": true, "qty": 800}], "symbol": "KOCM", "venue": "HKNBEX", "ts": "2016-04-24T07:54:36.61429126Z"}, {"ok": true, "asks": null, "bids": [{"price": 6548, "isBuy": true, "qty": 6450}, {"price": 6516, "isBuy": true, "qty": 6450}, {"price": 6484, "isBuy": true, "qty": 6450}, {"price": 4388, "isBuy": true, "qty": 599}, {"price": 4249, "isBuy": true, "qty": 300}, {"price": 4166, "isBuy": true, "qty": 800}], "symbol": "KOCM", "venue": "HKNBEX", "ts": "2016-04-24T07:54:36.775726185Z"}, {"ok": true, "asks": null, "bids": [{"price": 6548, "isBuy": true, "qty": 6450}, {"price": 6516, "isBuy": true, "qty": 6450}, {"price": 6484, "isBuy": true, "qty": 6450}, {"price": 4388, "isBuy": true, "qty": 599}, {"price": 4249, "isBuy": true, "qty": 300}, {"price": 4166, "isBuy": true, "qty": 800}], "symbol": "KOCM", "venue": "HKNBEX", "ts": "2016-04-24T07:54:36.944013184Z"}, {"ok": true, "asks": null, "bids": [{"price": 6548, "isBuy": true, "qty": 6450}, {"price": 6516, "isBuy": true, "qty": 6450}, {"price": 6484, "isBuy": true, "qty": 6450}, {"price": 4388, "isBuy": true, "qty": 599}, {"price": 4249, "isBuy": true, "qty": 300}, {"price": 4166, "isBuy": true, "qty": 800}], "symbol": "KOCM", "venue": "HKNBEX", "ts": "2016-04-24T07:54:37.869024714Z"}, {"ok": true, "asks": null, "bids": [{"price": 6504, "isBuy": true, "qty": 6573}, {"price": 6472, "isBuy": true, "qty": 6573}, {"price": 6440, "isBuy": true, "qty": 6573}, {"price": 4388, "isBuy": true, "qty": 599}, {"price": 4249, "isBuy": true, "qty": 300}, {"price": 4166, "isBuy": true, "qty": 800}], "symbol": "KOCM", "venue": "HKNBEX", "ts": "2016-04-24T07:54:38.349288653Z"}, {"ok": true, "asks": null, "bids": [{"price": 6504, "isBuy": true, "qty": 6573}, {"price": 6472, "isBuy": true, "qty": 6573}, {"price": 6440, "isBuy": true, "qty": 6573}, {"price": 4388, "isBuy": true, "qty": 599}, {"price": 4249, "isBuy": true, "qty": 300}, {"price": 4166, "isBuy": true, "qty": 800}], "symbol": "KOCM", "venue": "HKNBEX", "ts": "2016-04-24T07:54:38.549260142Z"}, {"ok": true, "asks": null, "bids": [{"price": 6504, "isBuy": true, "qty": 6573}, {"price": 6472, "isBuy": true, "qty": 6573}, {"price": 6440, "isBuy": true, "qty": 6573}, {"price": 4388, "isBuy": true, "qty": 599}, {"price": 4249, "isBuy": true, "qty": 300}, {"price": 4166, "isBuy": true, "qty": 800}], "symbol": "KOCM", "venue": "HKNBEX", "ts": "2016-04-24T07:54:38.750986482Z"}, {"ok": true, "asks": null, "bids": [{"price": 6504, "isBuy": true, "qty": 6573}, {"price": 6472, "isBuy": true, "qty": 6573}, {"price": 6440, "isBuy": true, "qty": 6573}, {"price": 4388, "isBuy": true, "qty": 599}, {"price": 4249, "isBuy": true, "qty": 300}, {"price": 4166, "isBuy": true, "qty": 800}], "symbol": "KOCM", "venue": "HKNBEX", "ts": "2016-04-24T07:54:40.116719035Z"}, {"ok": true, "asks": null, "bids": [{"price": 6504, "isBuy": true, "qty": 6573}, {"price": 6472, "isBuy": true, "qty": 6573}, {"price": 6440, "isBuy": true, "qty": 6573}, {"price": 4388, "isBuy": true, "qty": 599}, {"price": 4249, "isBuy": true, "qty": 300}, {"price": 4166, "isBuy": true, "qty": 800}], "symbol": "KOCM", "venue": "HKNBEX", "ts": "2016-04-24T07:54:40.27401398Z"}, {"ok": true, "asks": null, "bids": [{"price": 6504, "isBuy": true, "qty": 6573}, {"price": 6472, "isBuy": true, "qty": 6573}, {"price": 6440, "isBuy": true, "qty": 6573}, {"price": 4388, "isBuy": true, "qty": 599}, {"price": 4249, "isBuy": true, "qty": 300}, {"price": 4166, "isBuy": true, "qty": 800}], "symbol": "KOCM", "venue": "HKNBEX", "ts": "2016-04-24T07:54:40.438352985Z"}, {"ok": true, "asks": null, "bids": [{"price": 6504, "isBuy": true, "qty": 6573}, {"price": 6472, "isBuy": true, "qty": 6573}, {"price": 6440, "isBuy": true, "qty": 6573}, {"price": 4388, "isBuy": true, "qty": 599}, {"price": 4249, "isBuy": true, "qty": 300}, {"price": 4166, "isBuy": true, "qty": 800}], "symbol": "KOCM", "venue": "HKNBEX", "ts": "2016-04-24T07:54:41.249166198Z"}, {"ok": true, "asks": null, "bids": [{"price": 6504, "isBuy": true, "qty": 6573}, {"price": 6472, "isBuy": true, "qty": 6573}, {"price": 6440, "isBuy": true, "qty": 6573}, {"price": 4388, "isBuy": true, "qty": 599}, {"price": 4249, "isBuy": true, "qty": 300}, {"price": 4166, "isBuy": true, "qty": 800}], "symbol": "KOCM", "venue": "HKNBEX", "ts": "2016-04-24T07:54:41.810914072Z"}, {"ok": true, "asks": null, "bids": [{"price": 6504, "isBuy": true, "qty": 6573}, {"price": 6472, "isBuy": true, "qty": 6573}, {"price": 6440, "isBuy": true, "qty": 6573}, {"price": 4388, "isBuy": true, "qty": 599}, {"price": 4249, "isBuy": true, "qty": 300}, {"price": 4166, "isBuy": true, "qty": 800}], "symbol": "KOCM", "venue": "HKNBEX", "ts": "2016-04-24T07:54:41.976772581Z"}, {"ok": true, "asks": null, "bids": [{"price": 6504, "isBuy": true, "qty": 6573}, {"price": 6472, "isBuy": true, "qty": 6573}, {"price": 6440, "isBuy": true, "qty": 6573}, {"price": 4388, "isBuy": true, "qty": 599}, {"price": 4249, "isBuy": true, "qty": 300}, {"price": 4166, "isBuy": true, "qty": 800}], "symbol": "KOCM", "venue": "HKNBEX", "ts": "2016-04-24T07:54:42.175281984Z"}, {"ok": true, "asks": [{"price": 6563, "isBuy": false, "qty": 3297}, {"price": 6595, "isBuy": false, "qty": 3297}, {"price": 6627, "isBuy": false, "qty": 3297}], "bids": [{"price": 6499, "isBuy": true, "qty": 6565}, {"price": 6467, "isBuy": true, "qty": 6565}, {"price": 6435, "isBuy": true, "qty": 6565}, {"price": 4388, "isBuy": true, "qty": 599}, {"price": 4249, "isBuy": true, "qty": 300}, {"price": 4166, "isBuy": true, "qty": 800}], "symbol": "KOCM", "venue": "HKNBEX", "ts": "2016-04-24T07:54:43.553207344Z"}, {"ok": true, "asks": [{"price": 6563, "isBuy": false, "qty": 3297}, {"price": 6595, "isBuy": false, "qty": 3297}, {"price": 6627, "isBuy": false, "qty": 3297}], "bids": [{"price": 6499, "isBuy": true, "qty": 6565}, {"price": 6467, "isBuy": true, "qty": 6565}, {"price": 6435, "isBuy": true, "qty": 6565}, {"price": 4388, "isBuy": true, "qty": 599}, {"price": 4249, "isBuy": true, "qty": 300}, {"price": 4166, "isBuy": true, "qty": 800}], "symbol": "KOCM", "venue": "HKNBEX", "ts": "2016-04-24T07:54:43.721988315Z"}, {"ok": true, "asks": [{"price": 6563, "isBuy": false, "qty": 3297}, {"price": 6595, "isBuy": false, "qty": 3297}, {"price": 6627, "isBuy": false, "qty": 3297}], "bids": [{"price": 6499, "isBuy": true, "qty": 6565}, {"price": 6467, "isBuy": true, "qty": 6565}, {"price": 6435, "isBuy": true, "qty": 6565}, {"price": 4388, "isBuy": true, "qty": 599}, {"price": 4249, "isBuy": true, "qty": 300}, {"price": 4166, "isBuy": true, "qty": 800}], "symbol": "KOCM", "venue": "HKNBEX", "ts": "2016-04-24T07:54:43.879179932Z"}, {"ok": true, "asks": [{"price": 6563, "isBuy": false, "qty": 3297}, {"price": 6595, "isBuy": false, "qty": 3297}, {"price": 6627, "isBuy": false, "qty": 3297}], "bids": [{"price": 6499, "isBuy": true, "qty": 6565}, {"price": 6467, "isBuy": true, "qty": 6565}, {"price": 6435, "isBuy": true, "qty": 6565}, {"price": 4388, "isBuy": true, "qty": 599}, {"price": 4249, "isBuy": true, "qty": 300}, {"price": 4166, "isBuy": true, "qty": 800}], "symbol": "KOCM", "venue": "HKNBEX", "ts": "2016-04-24T07:54:44.614915441Z"}, {"ok": true, "asks": [{"price": 6563, "isBuy": false, "qty": 3297}, {"price": 6595, "isBuy": false, "qty": 3297}, {"price": 6627, "isBuy": false, "qty": 3297}], "bids": [{"price": 6499, "isBuy": true, "qty": 6565}, {"price": 6467, "isBuy": true, "qty": 6565}, {"price": 6435, "isBuy": true, "qty": 6565}, {"price": 4388, "isBuy": true, "qty": 599}, {"price": 4249, "isBuy": true, "qty": 300}, {"price": 4166, "isBuy": true, "qty": 800}], "symbol": "KOCM", "venue": "HKNBEX", "ts": "2016-04-24T07:54:45.242739856Z"}, {"ok": true, "asks": [{"price": 6563, "isBuy": false, "qty": 3297}, {"price": 6595, "isBuy": false, "qty": 3297}, {"price": 6627, "isBuy": false, "qty": 3297}], "bids": [{"price": 6499, "isBuy": true, "qty": 6565}, {"price": 6467, "isBuy": true, "qty": 6565}, {"price": 6435, "isBuy": true, "qty": 6565}, {"price": 4388, "isBuy": true, "qty": 599}, {"price": 4249, "isBuy": true, "qty": 300}, {"price": 4166, "isBuy": true, "qty": 800}], "symbol": "KOCM", "venue": "HKNBEX", "ts": "2016-04-24T07:54:45.402959185Z"}, {"ok": true, "asks": [{"price": 6563, "isBuy": false, "qty": 3297}, {"price": 6595, "isBuy": false, "qty": 3297}, {"price": 6627, "isBuy": false, "qty": 3297}], "bids": [{"price": 6499, "isBuy": true, "qty": 6565}, {"price": 6467, "isBuy": true, "qty": 6565}, {"price": 6435, "isBuy": true, "qty": 6565}, {"price": 4388, "isBuy": true, "qty": 599}, {"price": 4249, "isBuy": true, "qty": 300}, {"price": 4166, "isBuy": true, "qty": 800}], "symbol": "KOCM", "venue": "HKNBEX", "ts": "2016-04-24T07:54:45.573396542Z"}, {"ok": true, "asks": [{"price": 6563, "isBuy": false, "qty": 3297}, {"price": 6595, "isBuy": false, "qty": 3297}, {"price": 6627, "isBuy": false, "qty": 3297}], "bids": [{"price": 6499, "isBuy": true, "qty": 6565}, {"price": 6467, "isBuy": true, "qty": 6565}, {"price": 6435, "isBuy": true, "qty": 6565}, {"price": 4388, "isBuy": true, "qty": 599}, {"price": 4249, "isBuy": true, "qty": 300}, {"price": 4166, "isBuy": true, "qty": 800}], "symbol": "KOCM", "venue": "HKNBEX", "ts": "2016-04-24T07:54:46.948348243Z"}, {"ok": true, "asks": [{"price": 6563, "isBuy": false, "qty": 3297}, {"price": 6595, "isBuy": false, "qty": 3297}, {"price": 6627, "isBuy": false, "qty": 3297}], "bids": [{"price": 6499, "isBuy": true, "qty": 6565}, {"price": 6467, "isBuy": true, "qty": 6565}, {"price": 6435, "isBuy": true, "qty": 6565}, {"price": 4388, "isBuy": true, "qty": 599}, {"price": 4249, "isBuy": true, "qty": 300}, {"price": 4166, "isBuy": true, "qty": 800}], "symbol": "KOCM", "venue": "HKNBEX", "ts": "2016-04-24T07:54:47.114154813Z"}, {"ok": true, "asks": [{"price": 6563, "isBuy": false, "qty": 3297}, {"price": 6595, "isBuy": false, "qty": 3297}, {"price": 6627, "isBuy": false, "qty": 3297}], "bids": [{"price": 6499, "isBuy": true, "qty": 6565}, {"price": 6467, "isBuy": true, "qty": 6565}, {"price": 6435, "isBuy": true, "qty": 6565}, {"price": 4388, "isBuy": true, "qty": 599}, {"price": 4249, "isBuy": true, "qty": 300}, {"price": 4166, "isBuy": true, "qty": 800}], "symbol": "KOCM", "venue": "HKNBEX", "ts": "2016-04-24T07:54:47.277171922Z"}, {"ok": true, "asks": [{"price": 6563, "isBuy": false, "qty": 3297}, {"price": 6595, "isBuy": false, "qty": 3297}, {"price": 6627, "isBuy": false, "qty": 3297}], "bids": [{"price": 6499, "isBuy": true, "qty": 6565}, {"price": 6467, "isBuy": true, "qty": 6565}, {"price": 6435, "isBuy": true, "qty": 6565}, {"price": 4388, "isBuy": true, "qty": 599}, {"price": 4249, "isBuy": true, "qty": 300}, {"price": 4166, "isBuy": true, "qty": 800}], "symbol": "KOCM", "venue": "HKNBEX", "ts": "2016-04-24T07:54:47.982404815Z"}, {"ok": true, "asks": [{"price": 6531, "isBuy": false, "qty": 3228}], "bids": [{"price": 6467, "isBuy": true, "qty": 179}, {"price": 6435, "isBuy": true, "qty": 179}, {"price": 6403, "isBuy": true, "qty": 6744}, {"price": 4388, "isBuy": true, "qty": 599}, {"price": 4249, "isBuy": true, "qty": 300}, {"price": 4166, "isBuy": true, "qty": 800}], "symbol": "KOCM", "venue": "HKNBEX", "ts": "2016-04-24T07:54:48.643933942Z"}, {"ok": true, "asks": [{"price": 6531, "isBuy": false, "qty": 3228}], "bids": [{"price": 6467, "isBuy": true, "qty": 179}, {"price": 6435, "isBuy": true, "qty": 179}, {"price": 6403, "isBuy": true, "qty": 6744}, {"price": 4388, "isBuy": true, "qty": 599}, {"price": 4249, "isBuy": true, "qty": 300}, {"price": 4166, "isBuy": true, "qty": 800}], "symbol": "KOCM", "venue": "HKNBEX", "ts": "2016-04-24T07:54:48.805518758Z"}, {"ok": true, "asks": [{"price": 6531, "isBuy": false, "qty": 3228}], "bids": [{"price": 6467, "isBuy": true, "qty": 179}, {"price": 6435, "isBuy": true, "qty": 179}, {"price": 6403, "isBuy": true, "qty": 6744}, {"price": 4388, "isBuy": true, "qty": 599}, {"price": 4249, "isBuy": true, "qty": 300}, {"price": 4166, "isBuy": true, "qty": 800}], "symbol": "KOCM", "venue": "HKNBEX", "ts": "2016-04-24T07:54:48.967212813Z"}, {"ok": true, "asks": [{"price": 6531, "isBuy": false, "qty": 3228}], "bids": [{"price": 6467, "isBuy": true, "qty": 179}, {"price": 6435, "isBuy": true, "qty": 179}, {"price": 6403, "isBuy": true, "qty": 6744}, {"price": 4388, "isBuy": true, "qty": 599}, {"price": 4249, "isBuy": true, "qty": 300}, {"price": 4166, "isBuy": true, "qty": 800}], "symbol": "KOCM", "venue": "HKNBEX", "ts": "2016-04-24T07:54:50.327011124Z"}, {"ok": true, "asks": [{"price": 6531, "isBuy": false, "qty": 3228}], "bids": [{"price": 6467, "isBuy": true, "qty": 179}, {"price": 6435, "isBuy": true, "qty": 179}, {"price": 6403, "isBuy": true, "qty": 6744}, {"price": 4388, "isBuy": true, "qty": 599}, {"price": 4249, "isBuy": true, "qty": 300}, {"price": 4166, "isBuy": true, "qty": 800}], "symbol": "KOCM", "venue": "HKNBEX", "ts": "2016-04-24T07:54:50.488494628Z"}, {"ok": true, "asks": [{"price": 6531, "isBuy": false, "qty": 3228}], "bids": [{"price": 6467, "isBuy": true, "qty": 179}, {"price": 6435, "isBuy": true, "qty": 179}, {"price": 6403, "isBuy": true, "qty": 6744}, {"price": 4388, "isBuy": true, "qty": 599}, {"price": 4249, "isBuy": true, "qty": 300}, {"price": 4166, "isBuy": true, "qty": 800}], "symbol": "KOCM", "venue": "HKNBEX", "ts": "2016-04-24T07:54:50.653689044Z"}, {"ok": true, "asks": [{"price": 6531, "isBuy": false, "qty": 3228}], "bids": [{"price": 6467, "isBuy": true, "qty": 179}, {"price": 6435, "isBuy": true, "qty": 179}, {"price": 6403, "isBuy": true, "qty": 6744}, {"price": 4388, "isBuy": true, "qty": 599}, {"price": 4249, "isBuy": true, "qty": 300}, {"price": 4166, "isBuy": true, "qty": 800}], "symbol": "KOCM", "venue": "HKNBEX", "ts": "2016-04-24T07:54:51.355966026Z"}, {"ok": true, "asks": [{"price": 6531, "isBuy": false, "qty": 3228}], "bids": [{"price": 6467, "isBuy": true, "qty": 179}, {"price": 6435, "isBuy": true, "qty": 179}, {"price": 6403, "isBuy": true, "qty": 6744}, {"price": 4388, "isBuy": true, "qty": 599}, {"price": 4249, "isBuy": true, "qty": 300}, {"price": 4166, "isBuy": true, "qty": 800}], "symbol": "KOCM", "venue": "HKNBEX", "ts": "2016-04-24T07:54:52.024163252Z"}, {"ok": true, "asks": [{"price": 6531, "isBuy": false, "qty": 3228}], "bids": [{"price": 6467, "isBuy": true, "qty": 179}, {"price": 6435, "isBuy": true, "qty": 179}, {"price": 6403, "isBuy": true, "qty": 6744}, {"price": 4388, "isBuy": true, "qty": 599}, {"price": 4249, "isBuy": true, "qty": 300}, {"price": 4166, "isBuy": true, "qty": 800}], "symbol": "KOCM", "venue": "HKNBEX", "ts": "2016-04-24T07:54:52.187252663Z"}, {"ok": true, "asks": [{"price": 6531, "isBuy": false, "qty": 3228}], "bids": [{"price": 6467, "isBuy": true, "qty": 179}, {"price": 6435, "isBuy": true, "qty": 179}, {"price": 6403, "isBuy": true, "qty": 6744}, {"price": 4388, "isBuy": true, "qty": 599}, {"price": 4249, "isBuy": true, "qty": 300}, {"price": 4166, "isBuy": true, "qty": 800}], "symbol": "KOCM", "venue": "HKNBEX", "ts": "2016-04-24T07:54:52.359373337Z"}, {"ok": true, "asks": [{"price": 6828, "isBuy": false, "qty": 3229}, {"price": 6861, "isBuy": false, "qty": 3229}, {"price": 6894, "isBuy": false, "qty": 3229}], "bids": [{"price": 6603, "isBuy": true, "qty": 222}, {"price": 4388, "isBuy": true, "qty": 599}, {"price": 4249, "isBuy": true, "qty": 300}, {"price": 4166, "isBuy": true, "qty": 800}], "symbol": "KOCM", "venue": "HKNBEX", "ts": "2016-04-24T07:54:53.856665556Z"}, {"ok": true, "asks": [{"price": 6828, "isBuy": false, "qty": 3229}, {"price": 6861, "isBuy": false, "qty": 3229}, {"price": 6894, "isBuy": false, "qty": 3229}], "bids": [{"price": 6603, "isBuy": true, "qty": 222}, {"price": 4388, "isBuy": true, "qty": 599}, {"price": 4249, "isBuy": true, "qty": 300}, {"price": 4166, "isBuy": true, "qty": 800}], "symbol": "KOCM", "venue": "HKNBEX", "ts": "2016-04-24T07:54:54.024955474Z"}, {"ok": true, "asks": [{"price": 6828, "isBuy": false, "qty": 3229}, {"price": 6861, "isBuy": false, "qty": 3229}, {"price": 6894, "isBuy": false, "qty": 3229}], "bids": [{"price": 6603, "isBuy": true, "qty": 222}, {"price": 4388, "isBuy": true, "qty": 599}, {"price": 4249, "isBuy": true, "qty": 300}, {"price": 4166, "isBuy": true, "qty": 800}], "symbol": "KOCM", "venue": "HKNBEX", "ts": "2016-04-24T07:54:54.199318747Z"}, {"ok": true, "asks": [{"price": 6828, "isBuy": false, "qty": 3229}, {"price": 6861, "isBuy": false, "qty": 3229}, {"price": 6894, "isBuy": false, "qty": 3229}], "bids": [{"price": 6603, "isBuy": true, "qty": 222}, {"price": 4388, "isBuy": true, "qty": 599}, {"price": 4249, "isBuy": true, "qty": 300}, {"price": 4166, "isBuy": true, "qty": 800}], "symbol": "KOCM", "venue": "HKNBEX", "ts": "2016-04-24T07:54:54.739924589Z"}, {"ok": true, "asks": [{"price": 6828, "isBuy": false, "qty": 3229}, {"price": 6861, "isBuy": false, "qty": 3229}, {"price": 6894, "isBuy": false, "qty": 3229}], "bids": [{"price": 6603, "isBuy": true, "qty": 222}, {"price": 4388, "isBuy": true, "qty": 599}, {"price": 4249, "isBuy": true, "qty": 300}, {"price": 4166, "isBuy": true, "qty": 800}], "symbol": "KOCM", "venue": "HKNBEX", "ts": "2016-04-24T07:54:55.582186131Z"}, {"ok": true, "asks": [{"price": 6828, "isBuy": false, "qty": 3229}, {"price": 6861, "isBuy": false, "qty": 3229}, {"price": 6894, "isBuy": false, "qty": 3229}], "bids": [{"price": 6603, "isBuy": true, "qty": 222}, {"price": 4388, "isBuy": true, "qty": 599}, {"price": 4249, "isBuy": true, "qty": 300}, {"price": 4166, "isBuy": true, "qty": 800}], "symbol": "KOCM", "venue": "HKNBEX", "ts": "2016-04-24T07:54:55.749779999Z"}, {"ok": true, "asks": [{"price": 6828, "isBuy": false, "qty": 3229}, {"price": 6861, "isBuy": false, "qty": 3229}, {"price": 6894, "isBuy": false, "qty": 3229}], "bids": [{"price": 6603, "isBuy": true, "qty": 222}, {"price": 4388, "isBuy": true, "qty": 599}, {"price": 4249, "isBuy": true, "qty": 300}, {"price": 4166, "isBuy": true, "qty": 800}], "symbol": "KOCM", "venue": "HKNBEX", "ts": "2016-04-24T07:54:55.911150159Z"}, {"ok": true, "asks": [{"price": 6828, "isBuy": false, "qty": 3229}, {"price": 6861, "isBuy": false, "qty": 3229}, {"price": 6894, "isBuy": false, "qty": 3229}], "bids": [{"price": 6603, "isBuy": true, "qty": 222}, {"price": 4388, "isBuy": true, "qty": 599}, {"price": 4249, "isBuy": true, "qty": 300}, {"price": 4166, "isBuy": true, "qty": 800}], "symbol": "KOCM", "venue": "HKNBEX", "ts": "2016-04-24T07:54:57.283919371Z"}, {"ok": true, "asks": [{"price": 6828, "isBuy": false, "qty": 3229}, {"price": 6861, "isBuy": false, "qty": 3229}, {"price": 6894, "isBuy": false, "qty": 3229}], "bids": [{"price": 6603, "isBuy": true, "qty": 222}, {"price": 4388, "isBuy": true, "qty": 599}, {"price": 4249, "isBuy": true, "qty": 300}, {"price": 4166, "isBuy": true, "qty": 800}], "symbol": "KOCM", "venue": "HKNBEX", "ts": "2016-04-24T07:54:57.442562038Z"}, {"ok": true, "asks": [{"price": 6828, "isBuy": false, "qty": 3229}, {"price": 6861, "isBuy": false, "qty": 3229}, {"price": 6894, "isBuy": false, "qty": 3229}], "bids": [{"price": 6603, "isBuy": true, "qty": 222}, {"price": 4388, "isBuy": true, "qty": 599}, {"price": 4249, "isBuy": true, "qty": 300}, {"price": 4166, "isBuy": true, "qty": 800}], "symbol": "KOCM", "venue": "HKNBEX", "ts": "2016-04-24T07:54:57.602228496Z"}, {"ok": true, "asks": [{"price": 6288, "isBuy": false, "qty": 44}, {"price": 6338, "isBuy": false, "qty": 188}, {"price": 6702, "isBuy": false, "qty": 3173}, {"price": 6735, "isBuy": false, "qty": 3229}, {"price": 6768, "isBuy": false, "qty": 3229}], "bids": [{"price": 6265, "isBuy": true, "qty": 6527}, {"price": 6234, "isBuy": true, "qty": 6770}, {"price": 6203, "isBuy": true, "qty": 6770}, {"price": 4388, "isBuy": true, "qty": 599}, {"price": 4249, "isBuy": true, "qty": 300}, {"price": 4166, "isBuy": true, "qty": 800}], "symbol": "KOCM", "venue": "HKNBEX", "ts": "2016-04-24T07:54:58.081703946Z"}, {"ok": true, "asks": [{"price": 6708, "isBuy": false, "qty": 112}, {"price": 6879, "isBuy": false, "qty": 3233}, {"price": 6913, "isBuy": false, "qty": 3233}, {"price": 6947, "isBuy": false, "qty": 3233}], "bids": [{"price": 6636, "isBuy": true, "qty": 2}, {"price": 6603, "isBuy": true, "qty": 2}, {"price": 6570, "isBuy": true, "qty": 2}, {"price": 4388, "isBuy": true, "qty": 599}, {"price": 4249, "isBuy": true, "qty": 300}, {"price": 4166, "isBuy": true, "qty": 800}], "symbol": "KOCM", "venue": "HKNBEX", "ts": "2016-04-24T07:54:58.964212984Z"}, {"ok": true, "asks": [{"price": 6708, "isBuy": false, "qty": 112}, {"price": 6879, "isBuy": false, "qty": 3233}, {"price": 6913, "isBuy": false, "qty": 3233}, {"price": 6947, "isBuy": false, "qty": 3233}], "bids": [{"price": 6636, "isBuy": true, "qty": 2}, {"price": 6603, "isBuy": true, "qty": 2}, {"price": 6570, "isBuy": true, "qty": 2}, {"price": 4388, "isBuy": true, "qty": 599}, {"price": 4249, "isBuy": true, "qty": 300}, {"price": 4166, "isBuy": true, "qty": 800}], "symbol": "KOCM", "venue": "HKNBEX", "ts": "2016-04-24T07:54:59.12832376Z"}, {"ok": true, "asks": [{"price": 6708, "isBuy": false, "qty": 112}, {"price": 6879, "isBuy": false, "qty": 3233}, {"price": 6913, "isBuy": false, "qty": 3233}, {"price": 6947, "isBuy": false, "qty": 3233}], "bids": [{"price": 6636, "isBuy": true, "qty": 2}, {"price": 6603, "isBuy": true, "qty": 2}, {"price": 6570, "isBuy": true, "qty": 2}, {"price": 4388, "isBuy": true, "qty": 599}, {"price": 4249, "isBuy": true, "qty": 300}, {"price": 4166, "isBuy": true, "qty": 800}], "symbol": "KOCM", "venue": "HKNBEX", "ts": "2016-04-24T07:54:59.295067801Z"}, {"ok": true, "asks": [{"price": 6708, "isBuy": false, "qty": 112}, {"price": 6879, "isBuy": false, "qty": 3233}, {"price": 6913, "isBuy": false, "qty": 3233}, {"price": 6947, "isBuy": false, "qty": 3233}], "bids": [{"price": 6636, "isBuy": true, "qty": 2}, {"price": 6603, "isBuy": true, "qty": 2}, {"price": 6570, "isBuy": true, "qty": 2}, {"price": 4388, "isBuy": true, "qty": 599}, {"price": 4249, "isBuy": true, "qty": 300}, {"price": 4166, "isBuy": true, "qty": 800}], "symbol": "KOCM", "venue": "HKNBEX", "ts": "2016-04-24T07:55:00.987728647Z"}, {"ok": true, "asks": [{"price": 6708, "isBuy": false, "qty": 112}, {"price": 6879, "isBuy": false, "qty": 3233}, {"price": 6913, "isBuy": false, "qty": 3233}, {"price": 6947, "isBuy": false, "qty": 3233}], "bids": [{"price": 6636, "isBuy": true, "qty": 2}, {"price": 6603, "isBuy": true, "qty": 2}, {"price": 6570, "isBuy": true, "qty": 2}, {"price": 4388, "isBuy": true, "qty": 599}, {"price": 4249, "isBuy": true, "qty": 300}, {"price": 4166, "isBuy": true, "qty": 800}], "symbol": "KOCM", "venue": "HKNBEX", "ts": "2016-04-24T07:55:01.164507625Z"}, {"ok": true, "asks": [{"price": 6708, "isBuy": false, "qty": 112}, {"price": 6879, "isBuy": false, "qty": 3233}, {"price": 6913, "isBuy": false, "qty": 3233}, {"price": 6947, "isBuy": false, "qty": 3233}], "bids": [{"price": 6636, "isBuy": true, "qty": 2}, {"price": 6603, "isBuy": true, "qty": 2}, {"price": 6570, "isBuy": true, "qty": 2}, {"price": 4388, "isBuy": true, "qty": 599}, {"price": 4249, "isBuy": true, "qty": 300}, {"price": 4166, "isBuy": true, "qty": 800}], "symbol": "KOCM", "venue": "HKNBEX", "ts": "2016-04-24T07:55:01.333632426Z"}, {"ok": true, "asks": [{"price": 6708, "isBuy": false, "qty": 112}, {"price": 6879, "isBuy": false, "qty": 3233}, {"price": 6913, "isBuy": false, "qty": 3233}, {"price": 6947, "isBuy": false, "qty": 3233}], "bids": [{"price": 6636, "isBuy": true, "qty": 2}, {"price": 6603, "isBuy": true, "qty": 2}, {"price": 6570, "isBuy": true, "qty": 2}, {"price": 4388, "isBuy": true, "qty": 599}, {"price": 4249, "isBuy": true, "qty": 300}, {"price": 4166, "isBuy": true, "qty": 800}], "symbol": "KOCM", "venue": "HKNBEX", "ts": "2016-04-24T07:55:01.544151055Z"}, {"ok": true, "asks": [{"price": 6708, "isBuy": false, "qty": 112}, {"price": 6879, "isBuy": false, "qty": 3233}, {"price": 6913, "isBuy": false, "qty": 3233}, {"price": 6947, "isBuy": false, "qty": 3233}], "bids": [{"price": 6636, "isBuy": true, "qty": 2}, {"price": 6603, "isBuy": true, "qty": 2}, {"price": 6570, "isBuy": true, "qty": 2}, {"price": 4388, "isBuy": true, "qty": 599}, {"price": 4249, "isBuy": true, "qty": 300}, {"price": 4166, "isBuy": true, "qty": 800}], "symbol": "KOCM", "venue": "HKNBEX", "ts": "2016-04-24T07:55:02.72202764Z"}, {"ok": true, "asks": [{"price": 6708, "isBuy": false, "qty": 112}, {"price": 6879, "isBuy": false, "qty": 3233}, {"price": 6913, "isBuy": false, "qty": 3233}, {"price": 6947, "isBuy": false, "qty": 3233}], "bids": [{"price": 6636, "isBuy": true, "qty": 2}, {"price": 6603, "isBuy": true, "qty": 2}, {"price": 6570, "isBuy": true, "qty": 2}, {"price": 4388, "isBuy": true, "qty": 599}, {"price": 4249, "isBuy": true, "qty": 300}, {"price": 4166, "isBuy": true, "qty": 800}], "symbol": "KOCM", "venue": "HKNBEX", "ts": "2016-04-24T07:55:02.889235871Z"}, {"ok": true, "asks": [{"price": 6471, "isBuy": false, "qty": 73}, {"price": 6540, "isBuy": false, "qty": 276}, {"price": 6708, "isBuy": false, "qty": 112}, {"price": 6879, "isBuy": false, "qty": 3233}, {"price": 6913, "isBuy": false, "qty": 3233}, {"price": 6947, "isBuy": false, "qty": 3233}], "bids": [{"price": 4388, "isBuy": true, "qty": 599}, {"price": 4249, "isBuy": true, "qty": 300}, {"price": 4166, "isBuy": true, "qty": 800}], "symbol": "KOCM", "venue": "HKNBEX", "ts": "2016-04-24T07:55:03.052059601Z"}, {"ok": true, "asks": [{"price": 6653, "isBuy": false, "qty": 2}, {"price": 6926, "isBuy": false, "qty": 3233}, {"price": 6960, "isBuy": false, "qty": 3233}, {"price": 6994, "isBuy": false, "qty": 3233}], "bids": [{"price": 6620, "isBuy": true, "qty": 6750}, {"price": 6587, "isBuy": true, "qty": 6750}, {"price": 6554, "isBuy": true, "qty": 6750}, {"price": 4388, "isBuy": true, "qty": 599}, {"price": 4249, "isBuy": true, "qty": 300}, {"price": 4166, "isBuy": true, "qty": 800}], "symbol": "KOCM", "venue": "HKNBEX", "ts": "2016-04-24T07:55:04.506902375Z"}, {"ok": true, "asks": [{"price": 6653, "isBuy": false, "qty": 2}, {"price": 6926, "isBuy": false, "qty": 3233}, {"price": 6960, "isBuy": false, "qty": 3233}, {"price": 6994, "isBuy": false, "qty": 3233}], "bids": [{"price": 6620, "isBuy": true, "qty": 6750}, {"price": 6587, "isBuy": true, "qty": 6750}, {"price": 6554, "isBuy": true, "qty": 6750}, {"price": 4388, "isBuy": true, "qty": 599}, {"price": 4249, "isBuy": true, "qty": 300}, {"price": 4166, "isBuy": true, "qty": 800}], "symbol": "KOCM", "venue": "HKNBEX", "ts": "2016-04-24T07:55:04.772595587Z"}, {"ok": true, "asks": [{"price": 6653, "isBuy": false, "qty": 2}, {"price": 6926, "isBuy": false, "qty": 3233}, {"price": 6960, "isBuy": false, "qty": 3233}, {"price": 6994, "isBuy": false, "qty": 3233}], "bids": [{"price": 6620, "isBuy": true, "qty": 6750}, {"price": 6587, "isBuy": true, "qty": 6750}, {"price": 6554, "isBuy": true, "qty": 6750}, {"price": 4388, "isBuy": true, "qty": 599}, {"price": 4249, "isBuy": true, "qty": 300}, {"price": 4166, "isBuy": true, "qty": 800}], "symbol": "KOCM", "venue": "HKNBEX", "ts": "2016-04-24T07:55:04.960819379Z"}, {"ok": true, "asks": [{"price": 6653, "isBuy": false, "qty": 2}, {"price": 6926, "isBuy": false, "qty": 3233}, {"price": 6960, "isBuy": false, "qty": 3233}, {"price": 6994, "isBuy": false, "qty": 3233}], "bids": [{"price": 6620, "isBuy": true, "qty": 6750}, {"price": 6587, "isBuy": true, "qty": 6750}, {"price": 6554, "isBuy": true, "qty": 6750}, {"price": 4388, "isBuy": true, "qty": 599}, {"price": 4249, "isBuy": true, "qty": 300}, {"price": 4166, "isBuy": true, "qty": 800}], "symbol": "KOCM", "venue": "HKNBEX", "ts": "2016-04-24T07:55:05.040314793Z"}, {"ok": true, "asks": [{"price": 6653, "isBuy": false, "qty": 2}, {"price": 6926, "isBuy": false, "qty": 3233}, {"price": 6960, "isBuy": false, "qty": 3233}, {"price": 6994, "isBuy": false, "qty": 3233}], "bids": [{"price": 6620, "isBuy": true, "qty": 6750}, {"price": 6587, "isBuy": true, "qty": 6750}, {"price": 6554, "isBuy": true, "qty": 6750}, {"price": 4388, "isBuy": true, "qty": 599}, {"price": 4249, "isBuy": true, "qty": 300}, {"price": 4166, "isBuy": true, "qty": 800}], "symbol": "KOCM", "venue": "HKNBEX", "ts": "2016-04-24T07:55:06.349033276Z"}, {"ok": true, "asks": [{"price": 6653, "isBuy": false, "qty": 2}, {"price": 6926, "isBuy": false, "qty": 3233}, {"price": 6960, "isBuy": false, "qty": 3233}, {"price": 6994, "isBuy": false, "qty": 3233}], "bids": [{"price": 6620, "isBuy": true, "qty": 6750}, {"price": 6587, "isBuy": true, "qty": 6750}, {"price": 6554, "isBuy": true, "qty": 6750}, {"price": 4388, "isBuy": true, "qty": 599}, {"price": 4249, "isBuy": true, "qty": 300}, {"price": 4166, "isBuy": true, "qty": 800}], "symbol": "KOCM", "venue": "HKNBEX", "ts": "2016-04-24T07:55:06.529728779Z"}, {"ok": true, "asks": [{"price": 6653, "isBuy": false, "qty": 2}, {"price": 6926, "isBuy": false, "qty": 3233}, {"price": 6960, "isBuy": false, "qty": 3233}, {"price": 6994, "isBuy": false, "qty": 3233}], "bids": [{"price": 6620, "isBuy": true, "qty": 6750}, {"price": 6587, "isBuy": true, "qty": 6750}, {"price": 6554, "isBuy": true, "qty": 6750}, {"price": 4388, "isBuy": true, "qty": 599}, {"price": 4249, "isBuy": true, "qty": 300}, {"price": 4166, "isBuy": true, "qty": 800}], "symbol": "KOCM", "venue": "HKNBEX", "ts": "2016-04-24T07:55:06.692622704Z"}, {"ok": true, "asks": [{"price": 6653, "isBuy": false, "qty": 2}, {"price": 6653, "isBuy": false, "qty": 3311}, {"price": 6686, "isBuy": false, "qty": 3311}, {"price": 6719, "isBuy": false, "qty": 3311}], "bids": [{"price": 6541, "isBuy": true, "qty": 6688}, {"price": 6508, "isBuy": true, "qty": 6688}, {"price": 4388, "isBuy": true, "qty": 599}, {"price": 4249, "isBuy": true, "qty": 300}, {"price": 4166, "isBuy": true, "qty": 800}], "symbol": "KOCM", "venue": "HKNBEX", "ts": "2016-04-24T07:55:08.075785578Z"}, {"ok": true, "asks": null, "bids": [{"price": 6574, "isBuy": true, "qty": 6709}, {"price": 6541, "isBuy": true, "qty": 6709}, {"price": 6508, "isBuy": true, "qty": 6709}, {"price": 4388, "isBuy": true, "qty": 599}, {"price": 4249, "isBuy": true, "qty": 300}, {"price": 4166, "isBuy": true, "qty": 800}], "symbol": "KOCM", "venue": "HKNBEX", "ts": "2016-04-24T07:55:08.246186278Z"}, {"ok": true, "asks": null, "bids": [{"price": 6574, "isBuy": true, "qty": 6709}, {"price": 6541, "isBuy": true, "qty": 6709}, {"price": 6508, "isBuy": true, "qty": 6709}, {"price": 4388, "isBuy": true, "qty": 599}, {"price": 4249, "isBuy": true, "qty": 300}, {"price": 4166, "isBuy": true, "qty": 800}], "symbol": "KOCM", "venue": "HKNBEX", "ts": "2016-04-24T07:55:08.404325049Z"}, {"ok": true, "asks": null, "bids": [{"price": 6574, "isBuy": true, "qty": 6709}, {"price": 6541, "isBuy": true, "qty": 6709}, {"price": 6508, "isBuy": true, "qty": 6709}, {"price": 4388, "isBuy": true, "qty": 599}, {"price": 4249, "isBuy": true, "qty": 300}, {"price": 4166, "isBuy": true, "qty": 800}], "symbol": "KOCM", "venue": "HKNBEX", "ts": "2016-04-24T07:55:08.408593872Z"}, {"ok": true, "asks": null, "bids": [{"price": 6574, "isBuy": true, "qty": 6709}, {"price": 6541, "isBuy": true, "qty": 6709}, {"price": 6508, "isBuy": true, "qty": 6709}, {"price": 4388, "isBuy": true, "qty": 599}, {"price": 4249, "isBuy": true, "qty": 300}, {"price": 4166, "isBuy": true, "qty": 800}], "symbol": "KOCM", "venue": "HKNBEX", "ts": "2016-04-24T07:55:09.789356798Z"}, {"ok": true, "asks": null, "bids": [{"price": 6574, "isBuy": true, "qty": 6709}, {"price": 6541, "isBuy": true, "qty": 6709}, {"price": 6508, "isBuy": true, "qty": 6709}, {"price": 4388, "isBuy": true, "qty": 599}, {"price": 4249, "isBuy": true, "qty": 300}, {"price": 4166, "isBuy": true, "qty": 800}], "symbol": "KOCM", "venue": "HKNBEX", "ts": "2016-04-24T07:55:09.947260931Z"}, {"ok": true, "asks": null, "bids": [{"price": 6574, "isBuy": true, "qty": 6709}, {"price": 6541, "isBuy": true, "qty": 6709}, {"price": 6508, "isBuy": true, "qty": 6709}, {"price": 4388, "isBuy": true, "qty": 599}, {"price": 4249, "isBuy": true, "qty": 300}, {"price": 4166, "isBuy": true, "qty": 800}], "symbol": "KOCM", "venue": "HKNBEX", "ts": "2016-04-24T07:55:10.114410515Z"}, {"ok": true, "asks": null, "bids": [{"price": 6574, "isBuy": true, "qty": 6709}, {"price": 6541, "isBuy": true, "qty": 6709}, {"price": 6508, "isBuy": true, "qty": 6709}, {"price": 4388, "isBuy": true, "qty": 599}, {"price": 4249, "isBuy": true, "qty": 300}, {"price": 4166, "isBuy": true, "qty": 800}], "symbol": "KOCM", "venue": "HKNBEX", "ts": "2016-04-24T07:55:11.501969225Z"}, {"ok": true, "asks": null, "bids": [{"price": 6574, "isBuy": true, "qty": 6709}, {"price": 6541, "isBuy": true, "qty": 6709}, {"price": 6508, "isBuy": true, "qty": 6709}, {"price": 4388, "isBuy": true, "qty": 599}, {"price": 4249, "isBuy": true, "qty": 300}, {"price": 4166, "isBuy": true, "qty": 800}], "symbol": "KOCM", "venue": "HKNBEX", "ts": "2016-04-24T07:55:11.664690344Z"}, {"ok": true, "asks": null, "bids": [{"price": 6574, "isBuy": true, "qty": 6709}, {"price": 6541, "isBuy": true, "qty": 6709}, {"price": 6508, "isBuy": true, "qty": 6709}, {"price": 4388, "isBuy": true, "qty": 599}, {"price": 4249, "isBuy": true, "qty": 300}, {"price": 4166, "isBuy": true, "qty": 800}], "symbol": "KOCM", "venue": "HKNBEX", "ts": "2016-04-24T07:55:11.780115228Z"}, {"ok": true, "asks": null, "bids": [{"price": 6574, "isBuy": true, "qty": 6709}, {"price": 6541, "isBuy": true, "qty": 6709}, {"price": 6508, "isBuy": true, "qty": 6709}, {"price": 4388, "isBuy": true, "qty": 599}, {"price": 4249, "isBuy": true, "qty": 300}, {"price": 4166, "isBuy": true, "qty": 800}], "symbol": "KOCM", "venue": "HKNBEX", "ts": "2016-04-24T07:55:11.824702336Z"}, {"ok": true, "asks": [{"price": 6896, "isBuy": false, "qty": 3283}, {"price": 6930, "isBuy": false, "qty": 3283}, {"price": 6964, "isBuy": false, "qty": 3283}], "bids": [{"price": 6828, "isBuy": true, "qty": 6591}, {"price": 6794, "isBuy": true, "qty": 6591}, {"price": 6760, "isBuy": true, "qty": 6591}, {"price": 4388, "isBuy": true, "qty": 599}, {"price": 4249, "isBuy": true, "qty": 300}, {"price": 4166, "isBuy": true, "qty": 800}], "symbol": "KOCM", "venue": "HKNBEX", "ts": "2016-04-24T07:55:13.265901158Z"}, {"ok": true, "asks": [{"price": 6896, "isBuy": false, "qty": 3283}, {"price": 6930, "isBuy": false, "qty": 3283}, {"price": 6964, "isBuy": false, "qty": 3283}], "bids": [{"price": 6828, "isBuy": true, "qty": 6591}, {"price": 6794, "isBuy": true, "qty": 6591}, {"price": 6760, "isBuy": true, "qty": 6591}, {"price": 4388, "isBuy": true, "qty": 599}, {"price": 4249, "isBuy": true, "qty": 300}, {"price": 4166, "isBuy": true, "qty": 800}], "symbol": "KOCM", "venue": "HKNBEX", "ts": "2016-04-24T07:55:13.465869817Z"}, {"ok": true, "asks": [{"price": 6896, "isBuy": false, "qty": 3283}, {"price": 6930, "isBuy": false, "qty": 3283}, {"price": 6964, "isBuy": false, "qty": 3283}], "bids": [{"price": 6828, "isBuy": true, "qty": 6591}, {"price": 6794, "isBuy": true, "qty": 6591}, {"price": 6760, "isBuy": true, "qty": 6591}, {"price": 4388, "isBuy": true, "qty": 599}, {"price": 4249, "isBuy": true, "qty": 300}, {"price": 4166, "isBuy": true, "qty": 800}], "symbol": "KOCM", "venue": "HKNBEX", "ts": "2016-04-24T07:55:13.708235565Z"}, {"ok": true, "asks": [{"price": 6896, "isBuy": false, "qty": 3283}, {"price": 6930, "isBuy": false, "qty": 3283}, {"price": 6964, "isBuy": false, "qty": 3283}], "bids": [{"price": 6828, "isBuy": true, "qty": 6591}, {"price": 6794, "isBuy": true, "qty": 6591}, {"price": 6760, "isBuy": true, "qty": 6591}, {"price": 4388, "isBuy": true, "qty": 599}, {"price": 4249, "isBuy": true, "qty": 300}, {"price": 4166, "isBuy": true, "qty": 800}], "symbol": "KOCM", "venue": "HKNBEX", "ts": "2016-04-24T07:55:15.097997669Z"}, {"ok": true, "asks": [{"price": 6896, "isBuy": false, "qty": 3283}, {"price": 6930, "isBuy": false, "qty": 3283}, {"price": 6964, "isBuy": false, "qty": 3283}], "bids": [{"price": 6828, "isBuy": true, "qty": 6591}, {"price": 6794, "isBuy": true, "qty": 6591}, {"price": 6760, "isBuy": true, "qty": 6591}, {"price": 4388, "isBuy": true, "qty": 599}, {"price": 4249, "isBuy": true, "qty": 300}, {"price": 4166, "isBuy": true, "qty": 800}], "symbol": "KOCM", "venue": "HKNBEX", "ts": "2016-04-24T07:55:15.160087752Z"}, {"ok": true, "asks": [{"price": 6896, "isBuy": false, "qty": 3283}, {"price": 6930, "isBuy": false, "qty": 3283}, {"price": 6964, "isBuy": false, "qty": 3283}], "bids": [{"price": 6828, "isBuy": true, "qty": 6591}, {"price": 6794, "isBuy": true, "qty": 6591}, {"price": 6760, "isBuy": true, "qty": 6591}, {"price": 4388, "isBuy": true, "qty": 599}, {"price": 4249, "isBuy": true, "qty": 300}, {"price": 4166, "isBuy": true, "qty": 800}], "symbol": "KOCM", "venue": "HKNBEX", "ts": "2016-04-24T07:55:15.267513141Z"}, {"ok": true, "asks": [{"price": 6896, "isBuy": false, "qty": 3283}, {"price": 6930, "isBuy": false, "qty": 3283}, {"price": 6964, "isBuy": false, "qty": 3283}], "bids": [{"price": 6828, "isBuy": true, "qty": 6591}, {"price": 6794, "isBuy": true, "qty": 6591}, {"price": 6760, "isBuy": true, "qty": 6591}, {"price": 4388, "isBuy": true, "qty": 599}, {"price": 4249, "isBuy": true, "qty": 300}, {"price": 4166, "isBuy": true, "qty": 800}], "symbol": "KOCM", "venue": "HKNBEX", "ts": "2016-04-24T07:55:15.428638451Z"}, {"ok": true, "asks": [{"price": 6896, "isBuy": false, "qty": 3283}, {"price": 6930, "isBuy": false, "qty": 3283}, {"price": 6964, "isBuy": false, "qty": 3283}], "bids": [{"price": 6828, "isBuy": true, "qty": 6591}, {"price": 6794, "isBuy": true, "qty": 6591}, {"price": 6760, "isBuy": true, "qty": 6591}, {"price": 4388, "isBuy": true, "qty": 599}, {"price": 4249, "isBuy": true, "qty": 300}, {"price": 4166, "isBuy": true, "qty": 800}], "symbol": "KOCM", "venue": "HKNBEX", "ts": "2016-04-24T07:55:16.811029686Z"}, {"ok": true, "asks": [{"price": 6896, "isBuy": false, "qty": 3283}, {"price": 6930, "isBuy": false, "qty": 3283}, {"price": 6964, "isBuy": false, "qty": 3283}], "bids": [{"price": 6828, "isBuy": true, "qty": 6591}, {"price": 6794, "isBuy": true, "qty": 6591}, {"price": 6760, "isBuy": true, "qty": 6591}, {"price": 4388, "isBuy": true, "qty": 599}, {"price": 4249, "isBuy": true, "qty": 300}, {"price": 4166, "isBuy": true, "qty": 800}], "symbol": "KOCM", "venue": "HKNBEX", "ts": "2016-04-24T07:55:16.967292132Z"}, {"ok": true, "asks": [{"price": 6896, "isBuy": false, "qty": 3283}, {"price": 6930, "isBuy": false, "qty": 3283}, {"price": 6964, "isBuy": false, "qty": 3283}], "bids": [{"price": 6828, "isBuy": true, "qty": 6591}, {"price": 6794, "isBuy": true, "qty": 6591}, {"price": 6760, "isBuy": true, "qty": 6591}, {"price": 4388, "isBuy": true, "qty": 599}, {"price": 4249, "isBuy": true, "qty": 300}, {"price": 4166, "isBuy": true, "qty": 800}], "symbol": "KOCM", "venue": "HKNBEX", "ts": "2016-04-24T07:55:17.136611105Z"}, {"ok": true, "asks": null, "bids": [{"price": 6257, "isBuy": true, "qty": 6466}, {"price": 6226, "isBuy": true, "qty": 6466}, {"price": 6195, "isBuy": true, "qty": 6466}, {"price": 4388, "isBuy": true, "qty": 599}, {"price": 4249, "isBuy": true, "qty": 300}, {"price": 4166, "isBuy": true, "qty": 800}], "symbol": "KOCM", "venue": "HKNBEX", "ts": "2016-04-24T07:55:18.522825316Z"}, {"ok": true, "asks": null, "bids": [{"price": 6257, "isBuy": true, "qty": 6466}, {"price": 6226, "isBuy": true, "qty": 6466}, {"price": 6195, "isBuy": true, "qty": 6466}, {"price": 4388, "isBuy": true, "qty": 599}, {"price": 4249, "isBuy": true, "qty": 300}, {"price": 4166, "isBuy": true, "qty": 800}], "symbol": "KOCM", "venue": "HKNBEX", "ts": "2016-04-24T07:55:18.54177433Z"}, {"ok": true, "asks": null, "bids": [{"price": 6257, "isBuy": true, "qty": 6466}, {"price": 6226, "isBuy": true, "qty": 6466}, {"price": 6195, "isBuy": true, "qty": 6466}, {"price": 4388, "isBuy": true, "qty": 599}, {"price": 4249, "isBuy": true, "qty": 300}, {"price": 4166, "isBuy": true, "qty": 800}], "symbol": "KOCM", "venue": "HKNBEX", "ts": "2016-04-24T07:55:18.683866312Z"}, {"ok": true, "asks": null, "bids": [{"price": 6257, "isBuy": true, "qty": 6466}, {"price": 6226, "isBuy": true, "qty": 6466}, {"price": 6195, "isBuy": true, "qty": 6466}, {"price": 4388, "isBuy": true, "qty": 599}, {"price": 4249, "isBuy": true, "qty": 300}, {"price": 4166, "isBuy": true, "qty": 800}], "symbol": "KOCM", "venue": "HKNBEX", "ts": "2016-04-24T07:55:18.841504219Z"}, {"ok": true, "asks": null, "bids": [{"price": 6257, "isBuy": true, "qty": 6466}, {"price": 6226, "isBuy": true, "qty": 6466}, {"price": 6195, "isBuy": true, "qty": 6466}, {"price": 4388, "isBuy": true, "qty": 599}, {"price": 4249, "isBuy": true, "qty": 300}, {"price": 4166, "isBuy": true, "qty": 800}], "symbol": "KOCM", "venue": "HKNBEX", "ts": "2016-04-24T07:55:20.220060318Z"}, {"ok": true, "asks": null, "bids": [{"price": 6257, "isBuy": true, "qty": 6466}, {"price": 6226, "isBuy": true, "qty": 6466}, {"price": 6195, "isBuy": true, "qty": 6466}, {"price": 4388, "isBuy": true, "qty": 599}, {"price": 4249, "isBuy": true, "qty": 300}, {"price": 4166, "isBuy": true, "qty": 800}], "symbol": "KOCM", "venue": "HKNBEX", "ts": "2016-04-24T07:55:20.381385877Z"}, {"ok": true, "asks": null, "bids": [{"price": 6257, "isBuy": true, "qty": 6466}, {"price": 6226, "isBuy": true, "qty": 6466}, {"price": 6195, "isBuy": true, "qty": 6466}, {"price": 4388, "isBuy": true, "qty": 599}, {"price": 4249, "isBuy": true, "qty": 300}, {"price": 4166, "isBuy": true, "qty": 800}], "symbol": "KOCM", "venue": "HKNBEX", "ts": "2016-04-24T07:55:20.545771808Z"}, {"ok": true, "asks": null, "bids": [{"price": 6257, "isBuy": true, "qty": 6466}, {"price": 6226, "isBuy": true, "qty": 6466}, {"price": 6195, "isBuy": true, "qty": 6466}, {"price": 4388, "isBuy": true, "qty": 599}, {"price": 4249, "isBuy": true, "qty": 300}, {"price": 4166, "isBuy": true, "qty": 800}], "symbol": "KOCM", "venue": "HKNBEX", "ts": "2016-04-24T07:55:21.884437163Z"}, {"ok": true, "asks": null, "bids": [{"price": 6257, "isBuy": true, "qty": 6466}, {"price": 6226, "isBuy": true, "qty": 6466}, {"price": 6195, "isBuy": true, "qty": 6466}, {"price": 4388, "isBuy": true, "qty": 599}, {"price": 4249, "isBuy": true, "qty": 300}, {"price": 4166, "isBuy": true, "qty": 800}], "symbol": "KOCM", "venue": "HKNBEX", "ts": "2016-04-24T07:55:21.91828219Z"}, {"ok": true, "asks": null, "bids": [{"price": 6257, "isBuy": true, "qty": 6466}, {"price": 6226, "isBuy": true, "qty": 6466}, {"price": 6195, "isBuy": true, "qty": 6466}, {"price": 4388, "isBuy": true, "qty": 599}, {"price": 4249, "isBuy": true, "qty": 300}, {"price": 4166, "isBuy": true, "qty": 800}], "symbol": "KOCM", "venue": "HKNBEX", "ts": "2016-04-24T07:55:22.092541383Z"}, {"ok": true, "asks": null, "bids": [{"price": 6257, "isBuy": true, "qty": 6466}, {"price": 6226, "isBuy": true, "qty": 6466}, {"price": 6195, "isBuy": true, "qty": 6466}, {"price": 4388, "isBuy": true, "qty": 599}, {"price": 4249, "isBuy": true, "qty": 300}, {"price": 4166, "isBuy": true, "qty": 800}], "symbol": "KOCM", "venue": "HKNBEX", "ts": "2016-04-24T07:55:22.256851769Z"}, {"ok": true, "asks": [{"price": 6335, "isBuy": false, "qty": 64}, {"price": 6675, "isBuy": false, "qty": 100}, {"price": 6863, "isBuy": false, "qty": 3455}, {"price": 6897, "isBuy": false, "qty": 3455}, {"price": 6931, "isBuy": false, "qty": 3455}], "bids": [{"price": 6230, "isBuy": true, "qty": 6492}, {"price": 6199, "isBuy": true, "qty": 6492}, {"price": 6168, "isBuy": true, "qty": 6492}, {"price": 4388, "isBuy": true, "qty": 599}, {"price": 4249, "isBuy": true, "qty": 300}, {"price": 4166, "isBuy": true, "qty": 800}], "symbol": "KOCM", "venue": "HKNBEX", "ts": "2016-04-24T07:55:23.65651426Z"}, {"ok": true, "asks": [{"price": 6335, "isBuy": false, "qty": 64}, {"price": 6675, "isBuy": false, "qty": 100}, {"price": 6863, "isBuy": false, "qty": 3455}, {"price": 6897, "isBuy": false, "qty": 3455}, {"price": 6931, "isBuy": false, "qty": 3455}], "bids": [{"price": 6230, "isBuy": true, "qty": 6492}, {"price": 6199, "isBuy": true, "qty": 6492}, {"price": 6168, "isBuy": true, "qty": 6492}, {"price": 4388, "isBuy": true, "qty": 599}, {"price": 4249, "isBuy": true, "qty": 300}, {"price": 4166, "isBuy": true, "qty": 800}], "symbol": "KOCM", "venue": "HKNBEX", "ts": "2016-04-24T07:55:23.816116173Z"}, {"ok": true, "asks": [{"price": 6335, "isBuy": false, "qty": 64}, {"price": 6675, "isBuy": false, "qty": 100}, {"price": 6863, "isBuy": false, "qty": 3455}, {"price": 6897, "isBuy": false, "qty": 3455}, {"price": 6931, "isBuy": false, "qty": 3455}], "bids": [{"price": 6230, "isBuy": true, "qty": 6492}, {"price": 6199, "isBuy": true, "qty": 6492}, {"price": 6168, "isBuy": true, "qty": 6492}, {"price": 4388, "isBuy": true, "qty": 599}, {"price": 4249, "isBuy": true, "qty": 300}, {"price": 4166, "isBuy": true, "qty": 800}], "symbol": "KOCM", "venue": "HKNBEX", "ts": "2016-04-24T07:55:23.996523861Z"}, {"ok": true, "asks": [{"price": 6335, "isBuy": false, "qty": 64}, {"price": 6675, "isBuy": false, "qty": 100}, {"price": 6863, "isBuy": false, "qty": 3455}, {"price": 6897, "isBuy": false, "qty": 3455}, {"price": 6931, "isBuy": false, "qty": 3455}], "bids": [{"price": 6230, "isBuy": true, "qty": 6492}, {"price": 6199, "isBuy": true, "qty": 6492}, {"price": 6168, "isBuy": true, "qty": 6492}, {"price": 4388, "isBuy": true, "qty": 599}, {"price": 4249, "isBuy": true, "qty": 300}, {"price": 4166, "isBuy": true, "qty": 800}], "symbol": "KOCM", "venue": "HKNBEX", "ts": "2016-04-24T07:55:25.382360991Z"}, {"ok": true, "asks": [{"price": 6335, "isBuy": false, "qty": 64}, {"price": 6675, "isBuy": false, "qty": 100}, {"price": 6863, "isBuy": false, "qty": 3455}, {"price": 6897, "isBuy": false, "qty": 3455}, {"price": 6931, "isBuy": false, "qty": 3455}], "bids": [{"price": 6230, "isBuy": true, "qty": 6492}, {"price": 6199, "isBuy": true, "qty": 6492}, {"price": 6168, "isBuy": true, "qty": 6492}, {"price": 4388, "isBuy": true, "qty": 599}, {"price": 4249, "isBuy": true, "qty": 300}, {"price": 4166, "isBuy": true, "qty": 800}], "symbol": "KOCM", "venue": "HKNBEX", "ts": "2016-04-24T07:55:25.385721897Z"}, {"ok": true, "asks": [{"price": 6335, "isBuy": false, "qty": 64}, {"price": 6675, "isBuy": false, "qty": 100}, {"price": 6863, "isBuy": false, "qty": 3455}, {"price": 6897, "isBuy": false, "qty": 3455}, {"price": 6931, "isBuy": false, "qty": 3455}], "bids": [{"price": 6230, "isBuy": true, "qty": 6492}, {"price": 6199, "isBuy": true, "qty": 6492}, {"price": 6168, "isBuy": true, "qty": 6492}, {"price": 4388, "isBuy": true, "qty": 599}, {"price": 4249, "isBuy": true, "qty": 300}, {"price": 4166, "isBuy": true, "qty": 800}], "symbol": "KOCM", "venue": "HKNBEX", "ts": "2016-04-24T07:55:25.554774283Z"}, {"ok": true, "asks": [{"price": 6335, "isBuy": false, "qty": 64}, {"price": 6675, "isBuy": false, "qty": 100}, {"price": 6863, "isBuy": false, "qty": 3455}, {"price": 6897, "isBuy": false, "qty": 3455}, {"price": 6931, "isBuy": false, "qty": 3455}], "bids": [{"price": 6230, "isBuy": true, "qty": 6492}, {"price": 6199, "isBuy": true, "qty": 6492}, {"price": 6168, "isBuy": true, "qty": 6492}, {"price": 4388, "isBuy": true, "qty": 599}, {"price": 4249, "isBuy": true, "qty": 300}, {"price": 4166, "isBuy": true, "qty": 800}], "symbol": "KOCM", "venue": "HKNBEX", "ts": "2016-04-24T07:55:25.721483347Z"}, {"ok": true, "asks": [{"price": 6335, "isBuy": false, "qty": 64}, {"price": 6675, "isBuy": false, "qty": 100}, {"price": 6863, "isBuy": false, "qty": 3455}, {"price": 6897, "isBuy": false, "qty": 3455}, {"price": 6931, "isBuy": false, "qty": 3455}], "bids": [{"price": 6230, "isBuy": true, "qty": 6492}, {"price": 6199, "isBuy": true, "qty": 6492}, {"price": 6168, "isBuy": true, "qty": 6492}, {"price": 4388, "isBuy": true, "qty": 599}, {"price": 4249, "isBuy": true, "qty": 300}, {"price": 4166, "isBuy": true, "qty": 800}], "symbol": "KOCM", "venue": "HKNBEX", "ts": "2016-04-24T07:55:27.111263768Z"}, {"ok": true, "asks": [{"price": 6335, "isBuy": false, "qty": 64}, {"price": 6675, "isBuy": false, "qty": 100}, {"price": 6863, "isBuy": false, "qty": 3455}, {"price": 6897, "isBuy": false, "qty": 3455}, {"price": 6931, "isBuy": false, "qty": 3455}], "bids": [{"price": 6230, "isBuy": true, "qty": 6492}, {"price": 6199, "isBuy": true, "qty": 6492}, {"price": 6168, "isBuy": true, "qty": 6492}, {"price": 4388, "isBuy": true, "qty": 599}, {"price": 4249, "isBuy": true, "qty": 300}, {"price": 4166, "isBuy": true, "qty": 800}], "symbol": "KOCM", "venue": "HKNBEX", "ts": "2016-04-24T07:55:27.277748146Z"}, {"ok": true, "asks": [{"price": 6335, "isBuy": false, "qty": 64}, {"price": 6675, "isBuy": false, "qty": 100}, {"price": 6863, "isBuy": false, "qty": 3455}, {"price": 6897, "isBuy": false, "qty": 3455}, {"price": 6931, "isBuy": false, "qty": 3455}], "bids": [{"price": 6230, "isBuy": true, "qty": 6492}, {"price": 6199, "isBuy": true, "qty": 6492}, {"price": 6168, "isBuy": true, "qty": 6492}, {"price": 4388, "isBuy": true, "qty": 599}, {"price": 4249, "isBuy": true, "qty": 300}, {"price": 4166, "isBuy": true, "qty": 800}], "symbol": "KOCM", "venue": "HKNBEX", "ts": "2016-04-24T07:55:27.442770432Z"}, {"ok": true, "asks": [{"price": 6581, "isBuy": false, "qty": 3455}, {"price": 6613, "isBuy": false, "qty": 3455}, {"price": 6645, "isBuy": false, "qty": 3455}], "bids": [{"price": 6517, "isBuy": true, "qty": 6544}, {"price": 6485, "isBuy": true, "qty": 6544}, {"price": 6453, "isBuy": true, "qty": 6544}, {"price": 6449, "isBuy": true, "qty": 250}, {"price": 4388, "isBuy": true, "qty": 599}, {"price": 4249, "isBuy": true, "qty": 300}, {"price": 4166, "isBuy": true, "qty": 800}], "symbol": "KOCM", "venue": "HKNBEX", "ts": "2016-04-24T07:55:28.746832457Z"}, {"ok": true, "asks": [{"price": 6581, "isBuy": false, "qty": 3455}, {"price": 6613, "isBuy": false, "qty": 3455}, {"price": 6645, "isBuy": false, "qty": 3455}], "bids": [{"price": 6517, "isBuy": true, "qty": 6544}, {"price": 6485, "isBuy": true, "qty": 6544}, {"price": 6453, "isBuy": true, "qty": 6544}, {"price": 6449, "isBuy": true, "qty": 250}, {"price": 4388, "isBuy": true, "qty": 599}, {"price": 4249, "isBuy": true, "qty": 300}, {"price": 4166, "isBuy": true, "qty": 800}], "symbol": "KOCM", "venue": "HKNBEX", "ts": "2016-04-24T07:55:28.806692234Z"}, {"ok": true, "asks": [{"price": 6581, "isBuy": false, "qty": 3455}, {"price": 6613, "isBuy": false, "qty": 3455}, {"price": 6645, "isBuy": false, "qty": 3455}], "bids": [{"price": 6517, "isBuy": true, "qty": 6544}, {"price": 6485, "isBuy": true, "qty": 6544}, {"price": 6453, "isBuy": true, "qty": 6544}, {"price": 6449, "isBuy": true, "qty": 250}, {"price": 4388, "isBuy": true, "qty": 599}, {"price": 4249, "isBuy": true, "qty": 300}, {"price": 4166, "isBuy": true, "qty": 800}], "symbol": "KOCM", "venue": "HKNBEX", "ts": "2016-04-24T07:55:28.958014643Z"}, {"ok": true, "asks": [{"price": 6581, "isBuy": false, "qty": 3455}, {"price": 6613, "isBuy": false, "qty": 3455}, {"price": 6645, "isBuy": false, "qty": 3455}], "bids": [{"price": 6517, "isBuy": true, "qty": 6544}, {"price": 6485, "isBuy": true, "qty": 6544}, {"price": 6453, "isBuy": true, "qty": 6544}, {"price": 6449, "isBuy": true, "qty": 250}, {"price": 4388, "isBuy": true, "qty": 599}, {"price": 4249, "isBuy": true, "qty": 300}, {"price": 4166, "isBuy": true, "qty": 800}], "symbol": "KOCM", "venue": "HKNBEX", "ts": "2016-04-24T07:55:29.119204621Z"}, {"ok": true, "asks": [{"price": 6581, "isBuy": false, "qty": 3455}, {"price": 6613, "isBuy": false, "qty": 3455}, {"price": 6645, "isBuy": false, "qty": 3455}], "bids": [{"price": 6517, "isBuy": true, "qty": 6544}, {"price": 6485, "isBuy": true, "qty": 6544}, {"price": 6453, "isBuy": true, "qty": 6544}, {"price": 6449, "isBuy": true, "qty": 250}, {"price": 4388, "isBuy": true, "qty": 599}, {"price": 4249, "isBuy": true, "qty": 300}, {"price": 4166, "isBuy": true, "qty": 800}], "symbol": "KOCM", "venue": "HKNBEX", "ts": "2016-04-24T07:55:30.4873164Z"}, {"ok": true, "asks": [{"price": 6581, "isBuy": false, "qty": 3455}, {"price": 6613, "isBuy": false, "qty": 3455}, {"price": 6645, "isBuy": false, "qty": 3455}], "bids": [{"price": 6517, "isBuy": true, "qty": 6544}, {"price": 6485, "isBuy": true, "qty": 6544}, {"price": 6453, "isBuy": true, "qty": 6544}, {"price": 6449, "isBuy": true, "qty": 250}, {"price": 4388, "isBuy": true, "qty": 599}, {"price": 4249, "isBuy": true, "qty": 300}, {"price": 4166, "isBuy": true, "qty": 800}], "symbol": "KOCM", "venue": "HKNBEX", "ts": "2016-04-24T07:55:30.649521474Z"}, {"ok": true, "asks": [{"price": 6581, "isBuy": false, "qty": 3455}, {"price": 6613, "isBuy": false, "qty": 3455}, {"price": 6645, "isBuy": false, "qty": 3455}], "bids": [{"price": 6517, "isBuy": true, "qty": 6544}, {"price": 6485, "isBuy": true, "qty": 6544}, {"price": 6453, "isBuy": true, "qty": 6544}, {"price": 6449, "isBuy": true, "qty": 250}, {"price": 4388, "isBuy": true, "qty": 599}, {"price": 4249, "isBuy": true, "qty": 300}, {"price": 4166, "isBuy": true, "qty": 800}], "symbol": "KOCM", "venue": "HKNBEX", "ts": "2016-04-24T07:55:30.812679021Z"}, {"ok": true, "asks": [{"price": 6581, "isBuy": false, "qty": 3455}, {"price": 6613, "isBuy": false, "qty": 3455}, {"price": 6645, "isBuy": false, "qty": 3455}], "bids": [{"price": 6517, "isBuy": true, "qty": 6544}, {"price": 6485, "isBuy": true, "qty": 6544}, {"price": 6453, "isBuy": true, "qty": 6544}, {"price": 6449, "isBuy": true, "qty": 250}, {"price": 4388, "isBuy": true, "qty": 599}, {"price": 4249, "isBuy": true, "qty": 300}, {"price": 4166, "isBuy": true, "qty": 800}], "symbol": "KOCM", "venue": "HKNBEX", "ts": "2016-04-24T07:55:32.138892792Z"}, {"ok": true, "asks": [{"price": 6581, "isBuy": false, "qty": 3455}, {"price": 6613, "isBuy": false, "qty": 3455}, {"price": 6645, "isBuy": false, "qty": 3455}], "bids": [{"price": 6517, "isBuy": true, "qty": 6544}, {"price": 6485, "isBuy": true, "qty": 6544}, {"price": 6453, "isBuy": true, "qty": 6544}, {"price": 6449, "isBuy": true, "qty": 250}, {"price": 4388, "isBuy": true, "qty": 599}, {"price": 4249, "isBuy": true, "qty": 300}, {"price": 4166, "isBuy": true, "qty": 800}], "symbol": "KOCM", "venue": "HKNBEX", "ts": "2016-04-24T07:55:32.19290073Z"}, {"ok": true, "asks": [{"price": 6581, "isBuy": false, "qty": 3455}, {"price": 6613, "isBuy": false, "qty": 3455}, {"price": 6645, "isBuy": false, "qty": 3455}], "bids": [{"price": 6517, "isBuy": true, "qty": 6544}, {"price": 6485, "isBuy": true, "qty": 6544}, {"price": 6453, "isBuy": true, "qty": 6544}, {"price": 6449, "isBuy": true, "qty": 250}