[{"ok": true, "asks": null, "bids": [{"price": 10265, "isBuy": true, "qty": 42563}, {"price": 7871, "isBuy": true, "qty": 266}, {"price": 7299, "isBuy": true, "qty": 6718}, {"price": 7263, "isBuy": true, "qty": 6718}, {"price": 7227, "isBuy": true, "qty": 6718}], "symbol": "TPIE", "venue": "QLECEX", "ts": "2016-04-29T23:45:29.784980017Z"}, {"ok": true, "asks": null, "bids": [{"price": 10265, "isBuy": true, "qty": 42563}, {"price": 7871, "isBuy": true, "qty": 266}, {"price": 7299, "isBuy": true, "qty": 6718}, {"price": 7263, "isBuy": true, "qty": 6718}, {"price": 7227, "isBuy": true, "qty": 6718}], "symbol": "TPIE", "venue": "QLECEX", "ts": "2016-04-29T23:45:31.699751808Z"}, {"ok": true, "asks": null, "bids": [{"price": 10265, "isBuy": true, "qty": 42563}, {"price": 7871, "isBuy": true, "qty": 266}, {"price": 7299, "isBuy": true, "qty": 6718}, {"price": 7263, "isBuy": true, "qty": 6718}, {"price": 7227, "isBuy": true, "qty": 6718}], "symbol": "TPIE", "venue": "QLECEX", "ts": "2016-04-29T23:45:33.369740256Z"}, {"ok": true, "asks": null, "bids": [{"price": 7790, "isBuy": true, "qty": 7671}, {"price": 7751, "isBuy": true, "qty": 7671}, {"price": 7712, "isBuy": true, "qty": 7671}], "symbol": "TPIE", "venue": "QLECEX", "ts": "2016-04-29T23:45:35.441109653Z"}, {"ok": true, "asks": null, "bids": [{"price": 7790, "isBuy": true, "qty": 7671}, {"price": 7751, "isBuy": true, "qty": 7671}, {"price": 7712, "isBuy": true, "qty": 7671}], "symbol": "TPIE", "venue": "QLECEX", "ts": "2016-04-29T23:45:37.19778075Z"}, {"ok": true, "asks": [{"price": 7906, "isBuy": false, "qty": 2363}, {"price": 7945, "isBuy": false, "qty": 2363}, {"price": 7984, "isBuy": false, "qty": 2363}], "bids": [{"price": 7828, "isBuy": true, "qty": 500}, {"price": 7800, "isBuy": true, "qty": 94}, {"price": 7685, "isBuy": true, "qty": 7624}, {"price": 7647, "isBuy": true, "qty": 7624}, {"price": 7609, "isBuy": true, "qty": 7624}], "symbol": "TPIE", "venue": "QLECEX", "ts": "2016-04-29T23:45:39.442536594Z"}, {"ok": true, "asks": [{"price": 7906, "isBuy": false, "qty": 2363}, {"price": 7945, "isBuy": false, "qty": 2363}, {"price": 7984, "isBuy": false, "qty": 2363}], "bids": [{"price": 7828, "isBuy": true, "qty": 500}, {"price": 7800, "isBuy": true, "qty": 94}, {"price": 7685, "isBuy": true, "qty": 7624}, {"price": 7647, "isBuy": true, "qty": 7624}, {"price": 7609, "isBuy": true, "qty": 7624}], "symbol": "TPIE", "venue": "QLECEX", "ts": "2016-04-29T23:45:40.189625867Z"}, {"ok": true, "asks": [{"price": 7865, "isBuy": false, "qty": 500}, {"price": 7906, "isBuy": false, "qty": 2363}, {"price": 7945, "isBuy": false, "qty": 2363}, {"price": 7984, "isBuy": false, "qty": 2363}], "bids": [{"price": 7800, "isBuy": true, "qty": 94}, {"price": 7685, "isBuy": true, "qty": 7624}, {"price": 7647, "isBuy": true, "qty": 7624}, {"price": 7609, "isBuy": true, "qty": 7624}], "symbol": "TPIE", "venue": "QLECEX", "ts": "2016-04-29T23:45:41.171063803Z"}, {"ok": true, "asks": [{"price": 7865, "isBuy": false, "qty": 500}, {"price": 7906, "isBuy": false, "qty": 2363}, {"price": 7945, "isBuy": false, "qty": 2363}, {"price": 7984, "isBuy": false, "qty": 2363}], "bids": [{"price": 7800, "isBuy": true, "qty": 94}, {"price": 7761, "isBuy": true, "qty": 500}, {"price": 7685, "isBuy": true, "qty": 7624}, {"price": 7647, "isBuy": true, "qty": 7624}, {"price": 7609, "isBuy": true, "qty": 7624}], "symbol": "TPIE", "venue": "QLECEX", "ts": "2016-04-29T23:45:42.536058522Z"}, {"ok": true, "asks": [{"price": 7865, "isBuy": false, "qty": 500}, {"price": 7906, "isBuy": false, "qty": 2363}, {"price": 7945, "isBuy": false, "qty": 2363}, {"price": 7984, "isBuy": false, "qty": 2363}], "bids": [{"price": 7800, "isBuy": true, "qty": 94}, {"price": 7761, "isBuy": true, "qty": 500}, {"price": 7685, "isBuy": true, "qty": 7624}, {"price": 7647, "isBuy": true, "qty": 7624}, {"price": 7609, "isBuy": true, "qty": 7624}], "symbol": "TPIE", "venue": "QLECEX", "ts": "2016-04-29T23:45:42.716033624Z"}, {"ok": true, "asks": [{"price": 7865, "isBuy": false, "qty": 295}], "bids": [{"price": 7800, "isBuy": true, "qty": 58}, {"price": 7761, "isBuy": true, "qty": 500}, {"price": 7647, "isBuy": true, "qty": 7624}, {"price": 7609, "isBuy": true, "qty": 7624}], "symbol": "TPIE", "venue": "QLECEX", "ts": "2016-04-29T23:45:43.394853613Z"}, {"ok": true, "asks": [{"price": 7865, "isBuy": false, "qty": 295}], "bids": [{"price": 7838, "isBuy": true, "qty": 576}, {"price": 7761, "isBuy": true, "qty": 302}, {"price": 7357, "isBuy": true, "qty": 7624}, {"price": 7321, "isBuy": true, "qty": 7624}, {"price": 7285, "isBuy": true, "qty": 7624}], "symbol": "TPIE", "venue": "QLECEX", "ts": "2016-04-29T23:45:44.529425059Z"}, {"ok": true, "asks": [{"price": 7865, "isBuy": false, "qty": 295}], "bids": [{"price": 7838, "isBuy": true, "qty": 576}, {"price": 7761, "isBuy": true, "qty": 302}, {"price": 7357, "isBuy": true, "qty": 7624}, {"price": 7321, "isBuy": true, "qty": 7624}, {"price": 7285, "isBuy": true, "qty": 7624}], "symbol": "TPIE", "venue": "QLECEX", "ts": "2016-04-29T23:45:44.905785192Z"}, {"ok": true, "asks": [{"price": 7865, "isBuy": false, "qty": 295}], "bids": [{"price": 7838, "isBuy": true, "qty": 576}, {"price": 7761, "isBuy": true, "qty": 302}, {"price": 7357, "isBuy": true, "qty": 7624}, {"price": 7321, "isBuy": true, "qty": 7624}, {"price": 7285, "isBuy": true, "qty": 7624}], "symbol": "TPIE", "venue": "QLECEX", "ts": "2016-04-29T23:45:45.002380528Z"}, {"ok": true, "asks": [{"price": 7865, "isBuy": false, "qty": 295}], "bids": [{"price": 7838, "isBuy": true, "qty": 576}, {"price": 7761, "isBuy": true, "qty": 302}, {"price": 7357, "isBuy": true, "qty": 7624}, {"price": 7321, "isBuy": true, "qty": 7624}, {"price": 7285, "isBuy": true, "qty": 7624}], "symbol": "TPIE", "venue": "QLECEX", "ts": "2016-04-29T23:45:45.100539602Z"}, {"ok": true, "asks": [{"price": 7865, "isBuy": false, "qty": 295}], "bids": [{"price": 7838, "isBuy": true, "qty": 477}, {"price": 7761, "isBuy": true, "qty": 302}, {"price": 7357, "isBuy": true, "qty": 7624}, {"price": 7321, "isBuy": true, "qty": 7624}, {"price": 7285, "isBuy": true, "qty": 7624}], "symbol": "TPIE", "venue": "QLECEX", "ts": "2016-04-29T23:45:46.240621152Z"}, {"ok": true, "asks": [{"price": 7865, "isBuy": false, "qty": 295}], "bids": [{"price": 7838, "isBuy": true, "qty": 477}, {"price": 7761, "isBuy": true, "qty": 302}, {"price": 7357, "isBuy": true, "qty": 7624}, {"price": 7321, "isBuy": true, "qty": 7624}, {"price": 7285, "isBuy": true, "qty": 7624}], "symbol": "TPIE", "venue": "QLECEX", "ts": "2016-04-29T23:45:47.39313038Z"}, {"ok": true, "asks": [{"price": 7865, "isBuy": false, "qty": 295}], "bids": [{"price": 7838, "isBuy": true, "qty": 477}, {"price": 7838, "isBuy": true, "qty": 239}, {"price": 7761, "isBuy": true, "qty": 302}, {"price": 7357, "isBuy": true, "qty": 7624}, {"price": 7321, "isBuy": true, "qty": 7624}, {"price": 7285, "isBuy": true, "qty": 7624}], "symbol": "TPIE", "venue": "QLECEX", "ts": "2016-04-29T23:45:47.55519901Z"}, {"ok": true, "asks": [{"price": 7865, "isBuy": false, "qty": 295}], "bids": [{"price": 7838, "isBuy": true, "qty": 477}, {"price": 7838, "isBuy": true, "qty": 239}, {"price": 7761, "isBuy": true, "qty": 302}, {"price": 7357, "isBuy": true, "qty": 7624}, {"price": 7321, "isBuy": true, "qty": 7624}, {"price": 7285, "isBuy": true, "qty": 7624}], "symbol": "TPIE", "venue": "QLECEX", "ts": "2016-04-29T23:45:47.749692636Z"}, {"ok": true, "asks": [{"price": 7865, "isBuy": false, "qty": 295}], "bids": [{"price": 7838, "isBuy": true, "qty": 477}, {"price": 7838, "isBuy": true, "qty": 239}, {"price": 7761, "isBuy": true, "qty": 302}, {"price": 7357, "isBuy": true, "qty": 7624}, {"price": 7321, "isBuy": true, "qty": 7624}, {"price": 7285, "isBuy": true, "qty": 7624}], "symbol": "TPIE", "venue": "QLECEX", "ts": "2016-04-29T23:45:48.088175948Z"}, {"ok": true, "asks": [{"price": 10626, "isBuy": false, "qty": 1632}, {"price": 10678, "isBuy": false, "qty": 1632}, {"price": 10730, "isBuy": false, "qty": 1632}], "bids": [{"price": 10574, "isBuy": true, "qty": 39299}, {"price": 7921, "isBuy": true, "qty": 8367}, {"price": 7882, "isBuy": true, "qty": 8367}, {"price": 7843, "isBuy": true, "qty": 8367}, {"price": 7838, "isBuy": true, "qty": 293}, {"price": 7838, "isBuy": true, "qty": 239}, {"price": 7761, "isBuy": true, "qty": 302}], "symbol": "TPIE", "venue": "QLECEX", "ts": "2016-04-29T23:45:49.286359584Z"}, {"ok": true, "asks": [{"price": 10626, "isBuy": false, "qty": 1632}, {"price": 10678, "isBuy": false, "qty": 1632}, {"price": 10730, "isBuy": false, "qty": 1632}], "bids": [{"price": 10574, "isBuy": true, "qty": 39299}, {"price": 7921, "isBuy": true, "qty": 8367}, {"price": 7882, "isBuy": true, "qty": 8367}, {"price": 7843, "isBuy": true, "qty": 8367}, {"price": 7838, "isBuy": true, "qty": 293}, {"price": 7838, "isBuy": true, "qty": 239}, {"price": 7761, "isBuy": true, "qty": 302}], "symbol": "TPIE", "venue": "QLECEX", "ts": "2016-04-29T23:45:49.956102128Z"}, {"ok": true, "asks": [{"price": 10626, "isBuy": false, "qty": 1632}, {"price": 10678, "isBuy": false, "qty": 1632}, {"price": 10730, "isBuy": false, "qty": 1632}], "bids": [{"price": 10574, "isBuy": true, "qty": 39299}, {"price": 7921, "isBuy": true, "qty": 8367}, {"price": 7882, "isBuy": true, "qty": 8367}, {"price": 7843, "isBuy": true, "qty": 8367}, {"price": 7838, "isBuy": true, "qty": 293}, {"price": 7838, "isBuy": true, "qty": 239}, {"price": 7761, "isBuy": true, "qty": 302}], "symbol": "TPIE", "venue": "QLECEX", "ts": "2016-04-29T23:45:50.109458467Z"}, {"ok": true, "asks": [{"price": 10626, "isBuy": false, "qty": 1632}, {"price": 10678, "isBuy": false, "qty": 1632}, {"price": 10730, "isBuy": false, "qty": 1632}], "bids": [{"price": 10574, "isBuy": true, "qty": 39299}, {"price": 7921, "isBuy": true, "qty": 8367}, {"price": 7882, "isBuy": true, "qty": 8367}, {"price": 7843, "isBuy": true, "qty": 8367}, {"price": 7838, "isBuy": true, "qty": 293}, {"price": 7838, "isBuy": true, "qty": 239}, {"price": 7761, "isBuy": true, "qty": 302}], "symbol": "TPIE", "venue": "QLECEX", "ts": "2016-04-29T23:45:50.224099558Z"}, {"ok": true, "asks": [{"price": 10626, "isBuy": false, "qty": 1632}, {"price": 10678, "isBuy": false, "qty": 1632}, {"price": 10730, "isBuy": false, "qty": 1632}], "bids": [{"price": 10574, "isBuy": true, "qty": 38983}, {"price": 7921, "isBuy": true, "qty": 8367}, {"price": 7882, "isBuy": true, "qty": 8367}, {"price": 7843, "isBuy": true, "qty": 8367}, {"price": 7838, "isBuy": true, "qty": 293}, {"price": 7838, "isBuy": true, "qty": 239}, {"price": 7761, "isBuy": true, "qty": 302}], "symbol": "TPIE", "venue": "QLECEX", "ts": "2016-04-29T23:45:51.519457436Z"}, {"ok": true, "asks": [{"price": 10626, "isBuy": false, "qty": 1632}, {"price": 10678, "isBuy": false, "qty": 1632}, {"price": 10730, "isBuy": false, "qty": 1632}], "bids": [{"price": 10574, "isBuy": true, "qty": 38983}, {"price": 7921, "isBuy": true, "qty": 8367}, {"price": 7882, "isBuy": true, "qty": 8367}, {"price": 7843, "isBuy": true, "qty": 8367}, {"price": 7838, "isBuy": true, "qty": 293}, {"price": 7838, "isBuy": true, "qty": 239}, {"price": 7761, "isBuy": true, "qty": 302}], "symbol": "TPIE", "venue": "QLECEX", "ts": "2016-04-29T23:45:52.489180178Z"}, {"ok": true, "asks": [{"price": 10626, "isBuy": false, "qty": 1632}, {"price": 10678, "isBuy": false, "qty": 1632}, {"price": 10730, "isBuy": false, "qty": 1632}], "bids": [{"price": 10574, "isBuy": true, "qty": 38983}, {"price": 7921, "isBuy": true, "qty": 8367}, {"price": 7882, "isBuy": true, "qty": 8367}, {"price": 7843, "isBuy": true, "qty": 8367}, {"price": 7838, "isBuy": true, "qty": 293}, {"price": 7838, "isBuy": true, "qty": 239}, {"price": 7761, "isBuy": true, "qty": 302}], "symbol": "TPIE", "venue": "QLECEX", "ts": "2016-04-29T23:45:52.596338532Z"}, {"ok": true, "asks": [{"price": 10626, "isBuy": false, "qty": 1632}, {"price": 10678, "isBuy": false, "qty": 1632}, {"price": 10730, "isBuy": false, "qty": 1632}], "bids": [{"price": 10574, "isBuy": true, "qty": 38983}, {"price": 7921, "isBuy": true, "qty": 8367}, {"price": 7882, "isBuy": true, "qty": 8367}, {"price": 7843, "isBuy": true, "qty": 8367}, {"price": 7838, "isBuy": true, "qty": 293}, {"price": 7838, "isBuy": true, "qty": 239}, {"price": 7761, "isBuy": true, "qty": 302}], "symbol": "TPIE", "venue": "QLECEX", "ts": "2016-04-29T23:45:52.719973573Z"}, {"ok": true, "asks": [{"price": 8139, "isBuy": false, "qty": 1632}, {"price": 8179, "isBuy": false, "qty": 1632}, {"price": 8219, "isBuy": false, "qty": 1632}], "bids": [{"price": 8000, "isBuy": true, "qty": 245}, {"price": 7873, "isBuy": true, "qty": 8367}, {"price": 7838, "isBuy": true, "qty": 293}, {"price": 7838, "isBuy": true, "qty": 239}, {"price": 7834, "isBuy": true, "qty": 8367}, {"price": 7795, "isBuy": true, "qty": 8367}, {"price": 7761, "isBuy": true, "qty": 302}], "symbol": "TPIE", "venue": "QLECEX", "ts": "2016-04-29T23:45:53.782326611Z"}, {"ok": true, "asks": [{"price": 8139, "isBuy": false, "qty": 1632}, {"price": 8179, "isBuy": false, "qty": 1632}, {"price": 8219, "isBuy": false, "qty": 1632}], "bids": [{"price": 8000, "isBuy": true, "qty": 245}, {"price": 7951, "isBuy": true, "qty": 291}, {"price": 7873, "isBuy": true, "qty": 8367}, {"price": 7838, "isBuy": true, "qty": 293}, {"price": 7838, "isBuy": true, "qty": 239}, {"price": 7834, "isBuy": true, "qty": 8367}, {"price": 7795, "isBuy": true, "qty": 8367}, {"price": 7761, "isBuy": true, "qty": 302}], "symbol": "TPIE", "venue": "QLECEX", "ts": "2016-04-29T23:45:54.934504674Z"}, {"ok": true, "asks": [{"price": 8139, "isBuy": false, "qty": 1632}, {"price": 8179, "isBuy": false, "qty": 1632}, {"price": 8219, "isBuy": false, "qty": 1632}], "bids": [{"price": 7951, "isBuy": true, "qty": 291}, {"price": 7873, "isBuy": true, "qty": 8367}, {"price": 7838, "isBuy": true, "qty": 293}, {"price": 7838, "isBuy": true, "qty": 239}, {"price": 7834, "isBuy": true, "qty": 8367}, {"price": 7795, "isBuy": true, "qty": 8367}, {"price": 7761, "isBuy": true, "qty": 302}], "symbol": "TPIE", "venue": "QLECEX", "ts": "2016-04-29T23:45:55.145268072Z"}, {"ok": true, "asks": [{"price": 8097, "isBuy": false, "qty": 169}, {"price": 8139, "isBuy": false, "qty": 1632}, {"price": 8179, "isBuy": false, "qty": 1632}, {"price": 8219, "isBuy": false, "qty": 1632}], "bids": [{"price": 7873, "isBuy": true, "qty": 8367}, {"price": 7838, "isBuy": true, "qty": 293}, {"price": 7838, "isBuy": true, "qty": 239}, {"price": 7834, "isBuy": true, "qty": 8367}, {"price": 7795, "isBuy": true, "qty": 8367}, {"price": 7761, "isBuy": true, "qty": 302}], "symbol": "TPIE", "venue": "QLECEX", "ts": "2016-04-29T23:45:55.523084798Z"}, {"ok": true, "asks": [{"price": 8097, "isBuy": false, "qty": 169}, {"price": 8139, "isBuy": false, "qty": 1632}, {"price": 8179, "isBuy": false, "qty": 1632}, {"price": 8219, "isBuy": false, "qty": 1632}], "bids": [{"price": 7873, "isBuy": true, "qty": 8367}, {"price": 7838, "isBuy": true, "qty": 293}, {"price": 7838, "isBuy": true, "qty": 239}, {"price": 7834, "isBuy": true, "qty": 8367}, {"price": 7795, "isBuy": true, "qty": 8367}, {"price": 7761, "isBuy": true, "qty": 302}], "symbol": "TPIE", "venue": "QLECEX", "ts": "2016-04-29T23:45:55.627434724Z"}, {"ok": true, "asks": [{"price": 8097, "isBuy": false, "qty": 169}, {"price": 8139, "isBuy": false, "qty": 1632}, {"price": 8179, "isBuy": false, "qty": 1632}, {"price": 8219, "isBuy": false, "qty": 1632}], "bids": [{"price": 7873, "isBuy": true, "qty": 8367}, {"price": 7838, "isBuy": true, "qty": 293}, {"price": 7838, "isBuy": true, "qty": 239}, {"price": 7834, "isBuy": true, "qty": 8367}, {"price": 7795, "isBuy": true, "qty": 8367}, {"price": 7761, "isBuy": true, "qty": 302}], "symbol": "TPIE", "venue": "QLECEX", "ts": "2016-04-29T23:45:55.753677146Z"}, {"ok": true, "asks": [{"price": 8097, "isBuy": false, "qty": 169}, {"price": 8139, "isBuy": false, "qty": 1632}, {"price": 8179, "isBuy": false, "qty": 1632}, {"price": 8219, "isBuy": false, "qty": 1632}], "bids": [{"price": 7873, "isBuy": true, "qty": 8367}, {"price": 7838, "isBuy": true, "qty": 293}, {"price": 7838, "isBuy": true, "qty": 239}, {"price": 7834, "isBuy": true, "qty": 8367}, {"price": 7795, "isBuy": true, "qty": 8367}, {"price": 7761, "isBuy": true, "qty": 302}], "symbol": "TPIE", "venue": "QLECEX", "ts": "2016-04-29T23:45:55.939951576Z"}, {"ok": true, "asks": [{"price": 8057, "isBuy": false, "qty": 84}, {"price": 8097, "isBuy": false, "qty": 169}, {"price": 8139, "isBuy": false, "qty": 1632}, {"price": 8179, "isBuy": false, "qty": 1632}, {"price": 8219, "isBuy": false, "qty": 1632}], "bids": [{"price": 7916, "isBuy": true, "qty": 414}, {"price": 7873, "isBuy": true, "qty": 8367}, {"price": 7838, "isBuy": true, "qty": 293}, {"price": 7838, "isBuy": true, "qty": 239}, {"price": 7834, "isBuy": true, "qty": 8367}, {"price": 7795, "isBuy": true, "qty": 8367}, {"price": 7761, "isBuy": true, "qty": 302}], "symbol": "TPIE", "venue": "QLECEX", "ts": "2016-04-29T23:45:57.725310977Z"}, {"ok": true, "asks": [{"price": 8057, "isBuy": false, "qty": 84}, {"price": 8097, "isBuy": false, "qty": 169}, {"price": 8139, "isBuy": false, "qty": 1632}, {"price": 8179, "isBuy": false, "qty": 1632}, {"price": 8219, "isBuy": false, "qty": 1632}], "bids": [{"price": 7916, "isBuy": true, "qty": 414}, {"price": 7873, "isBuy": true, "qty": 8367}, {"price": 7838, "isBuy": true, "qty": 293}, {"price": 7838, "isBuy": true, "qty": 239}, {"price": 7834, "isBuy": true, "qty": 8367}, {"price": 7795, "isBuy": true, "qty": 8367}, {"price": 7761, "isBuy": true, "qty": 302}], "symbol": "TPIE", "venue": "QLECEX", "ts": "2016-04-29T23:45:57.985524571Z"}, {"ok": true, "asks": [{"price": 8057, "isBuy": false, "qty": 84}, {"price": 8097, "isBuy": false, "qty": 169}, {"price": 8139, "isBuy": false, "qty": 1632}, {"price": 8179, "isBuy": false, "qty": 1632}, {"price": 8219, "isBuy": false, "qty": 1632}], "bids": [{"price": 7916, "isBuy": true, "qty": 414}, {"price": 7873, "isBuy": true, "qty": 8367}, {"price": 7838, "isBuy": true, "qty": 293}, {"price": 7838, "isBuy": true, "qty": 239}, {"price": 7834, "isBuy": true, "qty": 8367}, {"price": 7795, "isBuy": true, "qty": 8367}, {"price": 7761, "isBuy": true, "qty": 302}], "symbol": "TPIE", "venue": "QLECEX", "ts": "2016-04-29T23:45:58.078930182Z"}, {"ok": true, "asks": [{"price": 8057, "isBuy": false, "qty": 84}, {"price": 8097, "isBuy": false, "qty": 169}, {"price": 8139, "isBuy": false, "qty": 1632}, {"price": 8179, "isBuy": false, "qty": 1632}, {"price": 8219, "isBuy": false, "qty": 1632}], "bids": [{"price": 7873, "isBuy": true, "qty": 8367}, {"price": 7838, "isBuy": true, "qty": 293}, {"price": 7838, "isBuy": true, "qty": 239}, {"price": 7834, "isBuy": true, "qty": 8367}, {"price": 7795, "isBuy": true, "qty": 8367}, {"price": 7761, "isBuy": true, "qty": 302}], "symbol": "TPIE", "venue": "QLECEX", "ts": "2016-04-29T23:45:58.273553913Z"}, {"ok": true, "asks": [{"price": 7912, "isBuy": false, "qty": 1083}, {"price": 7951, "isBuy": false, "qty": 1663}, {"price": 7990, "isBuy": false, "qty": 1663}, {"price": 8097, "isBuy": false, "qty": 15}], "bids": [{"price": 7838, "isBuy": true, "qty": 241}, {"price": 7838, "isBuy": true, "qty": 239}, {"price": 7761, "isBuy": true, "qty": 302}, {"price": 7740, "isBuy": true, "qty": 8336}, {"price": 7702, "isBuy": true, "qty": 8336}, {"price": 7664, "isBuy": true, "qty": 8336}], "symbol": "TPIE", "venue": "QLECEX", "ts": "2016-04-29T23:45:58.438047206Z"}, {"ok": true, "asks": [{"price": 8097, "isBuy": false, "qty": 15}], "bids": [{"price": 7838, "isBuy": true, "qty": 241}, {"price": 7838, "isBuy": true, "qty": 239}, {"price": 7761, "isBuy": true, "qty": 302}, {"price": 7740, "isBuy": true, "qty": 8377}, {"price": 7702, "isBuy": true, "qty": 8377}, {"price": 7664, "isBuy": true, "qty": 8377}], "symbol": "TPIE", "venue": "QLECEX", "ts": "2016-04-29T23:45:58.665369812Z"}, {"ok": true, "asks": [{"price": 8097, "isBuy": false, "qty": 15}], "bids": [{"price": 7838, "isBuy": true, "qty": 241}, {"price": 7838, "isBuy": true, "qty": 239}, {"price": 7761, "isBuy": true, "qty": 302}, {"price": 7740, "isBuy": true, "qty": 8377}, {"price": 7702, "isBuy": true, "qty": 8377}, {"price": 7664, "isBuy": true, "qty": 8377}], "symbol": "TPIE", "venue": "QLECEX", "ts": "2016-04-29T23:45:58.84141192Z"}, {"ok": true, "asks": [{"price": 8016, "isBuy": false, "qty": 68}, {"price": 8097, "isBuy": false, "qty": 15}], "bids": [{"price": 7838, "isBuy": true, "qty": 241}, {"price": 7838, "isBuy": true, "qty": 239}, {"price": 7761, "isBuy": true, "qty": 302}, {"price": 7740, "isBuy": true, "qty": 8377}, {"price": 7702, "isBuy": true, "qty": 8377}, {"price": 7664, "isBuy": true, "qty": 8377}], "symbol": "TPIE", "venue": "QLECEX", "ts": "2016-04-29T23:45:59.804060768Z"}, {"ok": true, "asks": [{"price": 8016, "isBuy": false, "qty": 68}, {"price": 8016, "isBuy": false, "qty": 241}, {"price": 8097, "isBuy": false, "qty": 15}], "bids": [{"price": 7916, "isBuy": true, "qty": 326}, {"price": 7838, "isBuy": true, "qty": 241}, {"price": 7838, "isBuy": true, "qty": 239}, {"price": 7761, "isBuy": true, "qty": 302}, {"price": 7740, "isBuy": true, "qty": 8377}, {"price": 7702, "isBuy": true, "qty": 8377}, {"price": 7664, "isBuy": true, "qty": 8377}], "symbol": "TPIE", "venue": "QLECEX", "ts": "2016-04-29T23:46:01.152836441Z"}, {"ok": true, "asks": [{"price": 8016, "isBuy": false, "qty": 68}, {"price": 8016, "isBuy": false, "qty": 241}], "bids": [{"price": 7916, "isBuy": true, "qty": 326}, {"price": 7838, "isBuy": true, "qty": 241}, {"price": 7838, "isBuy": true, "qty": 239}, {"price": 7761, "isBuy": true, "qty": 302}, {"price": 7740, "isBuy": true, "qty": 8377}, {"price": 7702, "isBuy": true, "qty": 8377}, {"price": 7664, "isBuy": true, "qty": 8377}], "symbol": "TPIE", "venue": "QLECEX", "ts": "2016-04-29T23:46:01.356692065Z"}, {"ok": true, "asks": [{"price": 8016, "isBuy": false, "qty": 68}, {"price": 8016, "isBuy": false, "qty": 241}], "bids": [{"price": 7916, "isBuy": true, "qty": 326}, {"price": 7838, "isBuy": true, "qty": 241}, {"price": 7838, "isBuy": true, "qty": 239}, {"price": 7761, "isBuy": true, "qty": 302}, {"price": 7740, "isBuy": true, "qty": 8377}, {"price": 7702, "isBuy": true, "qty": 8377}, {"price": 7664, "isBuy": true, "qty": 8377}], "symbol": "TPIE", "venue": "QLECEX", "ts": "2016-04-29T23:46:01.41162343Z"}, {"ok": true, "asks": [{"price": 8016, "isBuy": false, "qty": 68}, {"price": 8016, "isBuy": false, "qty": 241}], "bids": [{"price": 7916, "isBuy": true, "qty": 326}, {"price": 7838, "isBuy": true, "qty": 241}, {"price": 7838, "isBuy": true, "qty": 239}, {"price": 7761, "isBuy": true, "qty": 302}, {"price": 7740, "isBuy": true, "qty": 8377}, {"price": 7702, "isBuy": true, "qty": 8377}, {"price": 7664, "isBuy": true, "qty": 8377}], "symbol": "TPIE", "venue": "QLECEX", "ts": "2016-04-29T23:46:01.499533947Z"}, {"ok": true, "asks": [{"price": 8016, "isBuy": false, "qty": 68}, {"price": 8016, "isBuy": false, "qty": 241}], "bids": [{"price": 7916, "isBuy": true, "qty": 326}, {"price": 7838, "isBuy": true, "qty": 241}, {"price": 7838, "isBuy": true, "qty": 239}, {"price": 7761, "isBuy": true, "qty": 302}, {"price": 7740, "isBuy": true, "qty": 8377}, {"price": 7702, "isBuy": true, "qty": 8377}, {"price": 7664, "isBuy": true, "qty": 8377}], "symbol": "TPIE", "venue": "QLECEX", "ts": "2016-04-29T23:46:01.59570664Z"}, {"ok": true, "asks": [{"price": 8016, "isBuy": false, "qty": 68}, {"price": 8016, "isBuy": false, "qty": 241}], "bids": [{"price": 7838, "isBuy": true, "qty": 241}, {"price": 7838, "isBuy": true, "qty": 239}, {"price": 7761, "isBuy": true, "qty": 302}, {"price": 7740, "isBuy": true, "qty": 8377}, {"price": 7702, "isBuy": true, "qty": 8377}, {"price": 7664, "isBuy": true, "qty": 8377}], "symbol": "TPIE", "venue": "QLECEX", "ts": "2016-04-29T23:46:01.792667566Z"}, {"ok": true, "asks": [{"price": 8016, "isBuy": false, "qty": 68}, {"price": 8016, "isBuy": false, "qty": 241}], "bids": [{"price": 7916, "isBuy": true, "qty": 326}, {"price": 7838, "isBuy": true, "qty": 241}, {"price": 7838, "isBuy": true, "qty": 239}, {"price": 7761, "isBuy": true, "qty": 302}, {"price": 7740, "isBuy": true, "qty": 8377}, {"price": 7702, "isBuy": true, "qty": 8377}, {"price": 7664, "isBuy": true, "qty": 8377}], "symbol": "TPIE", "venue": "QLECEX", "ts": "2016-04-29T23:46:01.891754735Z"}, {"ok": true, "asks": [{"price": 8016, "isBuy": false, "qty": 68}, {"price": 8016, "isBuy": false, "qty": 241}], "bids": [{"price": 7916, "isBuy": true, "qty": 326}, {"price": 7838, "isBuy": true, "qty": 241}, {"price": 7838, "isBuy": true, "qty": 239}, {"price": 7761, "isBuy": true, "qty": 302}, {"price": 7740, "isBuy": true, "qty": 8377}, {"price": 7702, "isBuy": true, "qty": 8377}, {"price": 7664, "isBuy": true, "qty": 8377}], "symbol": "TPIE", "venue": "QLECEX", "ts": "2016-04-29T23:46:01.98916431Z"}, {"ok": true, "asks": [{"price": 7935, "isBuy": false, "qty": 128}, {"price": 8016, "isBuy": false, "qty": 68}, {"price": 8016, "isBuy": false, "qty": 241}], "bids": [{"price": 7916, "isBuy": true, "qty": 326}, {"price": 7838, "isBuy": true, "qty": 241}, {"price": 7838, "isBuy": true, "qty": 239}, {"price": 7761, "isBuy": true, "qty": 302}, {"price": 7740, "isBuy": true, "qty": 8377}, {"price": 7702, "isBuy": true, "qty": 8377}, {"price": 7664, "isBuy": true, "qty": 8377}], "symbol": "TPIE", "venue": "QLECEX", "ts": "2016-04-29T23:46:02.719274Z"}, {"ok": true, "asks": [{"price": 7935, "isBuy": false, "qty": 299}, {"price": 8085, "isBuy": false, "qty": 1580}, {"price": 8125, "isBuy": false, "qty": 1580}, {"price": 8165, "isBuy": false, "qty": 1580}], "bids": [{"price": 7916, "isBuy": true, "qty": 80}, {"price": 7916, "isBuy": true, "qty": 163}, {"price": 7838, "isBuy": true, "qty": 241}, {"price": 7838, "isBuy": true, "qty": 239}, {"price": 7761, "isBuy": true, "qty": 302}], "symbol": "TPIE", "venue": "QLECEX", "ts": "2016-04-29T23:46:04.284028905Z"}, {"ok": true, "asks": [{"price": 7935, "isBuy": false, "qty": 299}, {"price": 8085, "isBuy": false, "qty": 1580}, {"price": 8125, "isBuy": false, "qty": 1580}, {"price": 8165, "isBuy": false, "qty": 1580}], "bids": [{"price": 7916, "isBuy": true, "qty": 80}, {"price": 7916, "isBuy": true, "qty": 163}, {"price": 7838, "isBuy": true, "qty": 241}, {"price": 7838, "isBuy": true, "qty": 239}, {"price": 7761, "isBuy": true, "qty": 302}], "symbol": "TPIE", "venue": "QLECEX", "ts": "2016-04-29T23:46:04.418364316Z"}, {"ok": true, "asks": [{"price": 7935, "isBuy": false, "qty": 299}, {"price": 8085, "isBuy": false, "qty": 1580}, {"price": 8125, "isBuy": false, "qty": 1580}, {"price": 8165, "isBuy": false, "qty": 1580}], "bids": [{"price": 7916, "isBuy": true, "qty": 80}, {"price": 7916, "isBuy": true, "qty": 163}, {"price": 7838, "isBuy": true, "qty": 241}, {"price": 7838, "isBuy": true, "qty": 239}, {"price": 7761, "isBuy": true, "qty": 302}], "symbol": "TPIE", "venue": "QLECEX", "ts": "2016-04-29T23:46:04.418419201Z"}, {"ok": true, "asks": [{"price": 7935, "isBuy": false, "qty": 299}, {"price": 8085, "isBuy": false, "qty": 1580}, {"price": 8125, "isBuy": false, "qty": 1580}, {"price": 8165, "isBuy": false, "qty": 1580}], "bids": [{"price": 7916, "isBuy": true, "qty": 80}, {"price": 7916, "isBuy": true, "qty": 163}, {"price": 7838, "isBuy": true, "qty": 241}, {"price": 7838, "isBuy": true, "qty": 239}, {"price": 7761, "isBuy": true, "qty": 302}], "symbol": "TPIE", "venue": "QLECEX", "ts": "2016-04-29T23:46:04.538018455Z"}, {"ok": true, "asks": [{"price": 7935, "isBuy": false, "qty": 299}, {"price": 8085, "isBuy": false, "qty": 1580}, {"price": 8125, "isBuy": false, "qty": 1580}, {"price": 8165, "isBuy": false, "qty": 1580}], "bids": [{"price": 7916, "isBuy": true, "qty": 80}, {"price": 7916, "isBuy": true, "qty": 163}, {"price": 7838, "isBuy": true, "qty": 241}, {"price": 7838, "isBuy": true, "qty": 239}, {"price": 7761, "isBuy": true, "qty": 302}], "symbol": "TPIE", "venue": "QLECEX", "ts": "2016-04-29T23:46:04.676211457Z"}, {"ok": true, "asks": [{"price": 7935, "isBuy": false, "qty": 299}, {"price": 8085, "isBuy": false, "qty": 1580}, {"price": 8125, "isBuy": false, "qty": 1580}, {"price": 8165, "isBuy": false, "qty": 1580}], "bids": [{"price": 7916, "isBuy": true, "qty": 80}, {"price": 7916, "isBuy": true, "qty": 163}, {"price": 7838, "isBuy": true, "qty": 241}, {"price": 7838, "isBuy": true, "qty": 239}, {"price": 7761, "isBuy": true, "qty": 302}], "symbol": "TPIE", "venue": "QLECEX", "ts": "2016-04-29T23:46:04.815553822Z"}, {"ok": true, "asks": [{"price": 7935, "isBuy": false, "qty": 299}, {"price": 8085, "isBuy": false, "qty": 1580}, {"price": 8125, "isBuy": false, "qty": 1580}, {"price": 8165, "isBuy": false, "qty": 1580}], "bids": [{"price": 7916, "isBuy": true, "qty": 80}, {"price": 7916, "isBuy": true, "qty": 163}, {"price": 7838, "isBuy": true, "qty": 241}, {"price": 7838, "isBuy": true, "qty": 239}, {"price": 7761, "isBuy": true, "qty": 302}], "symbol": "TPIE", "venue": "QLECEX", "ts": "2016-04-29T23:46:04.963842096Z"}, {"ok": true, "asks": [{"price": 8004, "isBuy": false, "qty": 187}, {"price": 8085, "isBuy": false, "qty": 1580}, {"price": 8125, "isBuy": false, "qty": 1580}, {"price": 8165, "isBuy": false, "qty": 1580}], "bids": [{"price": 7995, "isBuy": true, "qty": 1}, {"price": 7916, "isBuy": true, "qty": 80}, {"price": 7916, "isBuy": true, "qty": 163}, {"price": 7838, "isBuy": true, "qty": 241}, {"price": 7838, "isBuy": true, "qty": 239}, {"price": 7761, "isBuy": true, "qty": 302}], "symbol": "TPIE", "venue": "QLECEX", "ts": "2016-04-29T23:46:06.827058849Z"}, {"ok": true, "asks": [{"price": 8004, "isBuy": false, "qty": 187}, {"price": 8085, "isBuy": false, "qty": 1580}, {"price": 8125, "isBuy": false, "qty": 1580}, {"price": 8165, "isBuy": false, "qty": 1580}], "bids": [{"price": 7995, "isBuy": true, "qty": 1}, {"price": 7916, "isBuy": true, "qty": 80}, {"price": 7916, "isBuy": true, "qty": 163}, {"price": 7838, "isBuy": true, "qty": 241}, {"price": 7838, "isBuy": true, "qty": 239}, {"price": 7761, "isBuy": true, "qty": 302}], "symbol": "TPIE", "venue": "QLECEX", "ts": "2016-04-29T23:46:07.23295518Z"}, {"ok": true, "asks": [{"price": 8004, "isBuy": false, "qty": 187}, {"price": 8085, "isBuy": false, "qty": 1580}, {"price": 8125, "isBuy": false, "qty": 1580}, {"price": 8165, "isBuy": false, "qty": 1580}], "bids": [{"price": 7995, "isBuy": true, "qty": 299}, {"price": 7916, "isBuy": true, "qty": 80}, {"price": 7916, "isBuy": true, "qty": 163}, {"price": 7838, "isBuy": true, "qty": 241}, {"price": 7838, "isBuy": true, "qty": 239}, {"price": 7761, "isBuy": true, "qty": 302}], "symbol": "TPIE", "venue": "QLECEX", "ts": "2016-04-29T23:46:07.424939494Z"}, {"ok": true, "asks": [{"price": 8004, "isBuy": false, "qty": 187}, {"price": 8085, "isBuy": false, "qty": 1580}, {"price": 8125, "isBuy": false, "qty": 1580}, {"price": 8165, "isBuy": false, "qty": 1580}], "bids": [{"price": 7995, "isBuy": true, "qty": 299}, {"price": 7916, "isBuy": true, "qty": 80}, {"price": 7916, "isBuy": true, "qty": 163}, {"price": 7838, "isBuy": true, "qty": 241}, {"price": 7838, "isBuy": true, "qty": 239}, {"price": 7761, "isBuy": true, "qty": 302}], "symbol": "TPIE", "venue": "QLECEX", "ts": "2016-04-29T23:46:07.540362297Z"}, {"ok": true, "asks": [{"price": 8004, "isBuy": false, "qty": 187}, {"price": 8085, "isBuy": false, "qty": 1580}, {"price": 8125, "isBuy": false, "qty": 1580}, {"price": 8165, "isBuy": false, "qty": 1580}], "bids": [{"price": 7995, "isBuy": true, "qty": 299}, {"price": 7916, "isBuy": true, "qty": 80}, {"price": 7916, "isBuy": true, "qty": 163}, {"price": 7838, "isBuy": true, "qty": 241}, {"price": 7838, "isBuy": true, "qty": 239}, {"price": 7761, "isBuy": true, "qty": 302}], "symbol": "TPIE", "venue": "QLECEX", "ts": "2016-04-29T23:46:07.64158776Z"}, {"ok": true, "asks": [{"price": 8004, "isBuy": false, "qty": 187}, {"price": 8085, "isBuy": false, "qty": 1580}, {"price": 8125, "isBuy": false, "qty": 1580}, {"price": 8165, "isBuy": false, "qty": 1580}], "bids": [{"price": 7995, "isBuy": true, "qty": 299}, {"price": 7916, "isBuy": true, "qty": 80}, {"price": 7916, "isBuy": true, "qty": 163}, {"price": 7838, "isBuy": true, "qty": 241}, {"price": 7838, "isBuy": true, "qty": 239}, {"price": 7761, "isBuy": true, "qty": 302}], "symbol": "TPIE", "venue": "QLECEX", "ts": "2016-04-29T23:46:07.752185164Z"}, {"ok": true, "asks": [{"price": 8004, "isBuy": false, "qty": 187}, {"price": 8085, "isBuy": false, "qty": 1580}, {"price": 8125, "isBuy": false, "qty": 1580}, {"price": 8165, "isBuy": false, "qty": 1580}], "bids": [{"price": 7995, "isBuy": true, "qty": 299}, {"price": 7916, "isBuy": true, "qty": 80}, {"price": 7916, "isBuy": true, "qty": 163}, {"price": 7838, "isBuy": true, "qty": 241}, {"price": 7838, "isBuy": true, "qty": 239}, {"price": 7761, "isBuy": true, "qty": 302}], "symbol": "TPIE", "venue": "QLECEX", "ts": "2016-04-29T23:46:13.459127827Z"}, {"ok": true, "asks": [{"price": 8004, "isBuy": false, "qty": 187}, {"price": 8034, "isBuy": false, "qty": 1580}, {"price": 8073, "isBuy": false, "qty": 1580}, {"price": 8112, "isBuy": false, "qty": 1580}], "bids": [{"price": 7916, "isBuy": true, "qty": 33}, {"price": 7838, "isBuy": true, "qty": 241}, {"price": 7838, "isBuy": true, "qty": 239}, {"price": 7782, "isBuy": true, "qty": 8419}, {"price": 7761, "isBuy": true, "qty": 302}, {"price": 7743, "isBuy": true, "qty": 8419}, {"price": 7704, "isBuy": true, "qty": 8419}], "symbol": "TPIE", "venue": "QLECEX", "ts": "2016-04-29T23:46:13.632061127Z"}, {"ok": true, "asks": null, "bids": [{"price": 8030, "isBuy": true, "qty": 8419}, {"price": 7990, "isBuy": true, "qty": 8419}, {"price": 7950, "isBuy": true, "qty": 8419}, {"price": 7916, "isBuy": true, "qty": 33}, {"price": 7838, "isBuy": true, "qty": 241}, {"price": 7838, "isBuy": true, "qty": 239}, {"price": 7761, "isBuy": true, "qty": 302}], "symbol": "TPIE", "venue": "QLECEX", "ts": "2016-04-29T23:46:14.26290302Z"}, {"ok": true, "asks": null, "bids": [{"price": 8069, "isBuy": true, "qty": 215}, {"price": 8030, "isBuy": true, "qty": 8419}, {"price": 7990, "isBuy": true, "qty": 8419}, {"price": 7950, "isBuy": true, "qty": 8419}, {"price": 7916, "isBuy": true, "qty": 33}, {"price": 7838, "isBuy": true, "qty": 241}, {"price": 7838, "isBuy": true, "qty": 239}, {"price": 7761, "isBuy": true, "qty": 302}], "symbol": "TPIE", "venue": "QLECEX", "ts": "2016-04-29T23:46:15.521514401Z"}, {"ok": true, "asks": null, "bids": [{"price": 8069, "isBuy": true, "qty": 215}, {"price": 8030, "isBuy": true, "qty": 8419}, {"price": 7990, "isBuy": true, "qty": 8419}, {"price": 7950, "isBuy": true, "qty": 8419}, {"price": 7916, "isBuy": true, "qty": 33}, {"price": 7838, "isBuy": true, "qty": 241}, {"price": 7838, "isBuy": true, "qty": 239}, {"price": 7761, "isBuy": true, "qty": 302}], "symbol": "TPIE", "venue": "QLECEX", "ts": "2016-04-29T23:46:15.870928509Z"}, {"ok": true, "asks": null, "bids": [{"price": 8110, "isBuy": true, "qty": 183}, {"price": 8030, "isBuy": true, "qty": 8419}, {"price": 7990, "isBuy": true, "qty": 8419}, {"price": 7950, "isBuy": true, "qty": 8419}, {"price": 7916, "isBuy": true, "qty": 33}, {"price": 7838, "isBuy": true, "qty": 241}, {"price": 7838, "isBuy": true, "qty": 239}, {"price": 7761, "isBuy": true, "qty": 302}], "symbol": "TPIE", "venue": "QLECEX", "ts": "2016-04-29T23:46:16.121885938Z"}, {"ok": true, "asks": null, "bids": [{"price": 8110, "isBuy": true, "qty": 183}, {"price": 8030, "isBuy": true, "qty": 8419}, {"price": 7990, "isBuy": true, "qty": 8419}, {"price": 7950, "isBuy": true, "qty": 8419}, {"price": 7916, "isBuy": true, "qty": 33}, {"price": 7838, "isBuy": true, "qty": 241}, {"price": 7838, "isBuy": true, "qty": 239}, {"price": 7761, "isBuy": true, "qty": 302}], "symbol": "TPIE", "venue": "QLECEX", "ts": "2016-04-29T23:46:16.218184845Z"}, {"ok": true, "asks": null, "bids": [{"price": 8110, "isBuy": true, "qty": 183}, {"price": 8030, "isBuy": true, "qty": 8419}, {"price": 7990, "isBuy": true, "qty": 8419}, {"price": 7950, "isBuy": true, "qty": 8419}, {"price": 7916, "isBuy": true, "qty": 33}, {"price": 7838, "isBuy": true, "qty": 241}, {"price": 7838, "isBuy": true, "qty": 239}, {"price": 7761, "isBuy": true, "qty": 302}], "symbol": "TPIE", "venue": "QLECEX", "ts": "2016-04-29T23:46:16.33927834Z"}, {"ok": true, "asks": null, "bids": [{"price": 8110, "isBuy": true, "qty": 183}, {"price": 8030, "isBuy": true, "qty": 8419}, {"price": 7990, "isBuy": true, "qty": 8419}, {"price": 7950, "isBuy": true, "qty": 8419}, {"price": 7916, "isBuy": true, "qty": 33}, {"price": 7838, "isBuy": true, "qty": 241}, {"price": 7838, "isBuy": true, "qty": 239}, {"price": 7761, "isBuy": true, "qty": 302}], "symbol": "TPIE", "venue": "QLECEX", "ts": "2016-04-29T23:46:16.435220951Z"}, {"ok": true, "asks": null, "bids": [{"price": 8110, "isBuy": true, "qty": 183}, {"price": 8030, "isBuy": true, "qty": 8419}, {"price": 7990, "isBuy": true, "qty": 8419}, {"price": 7950, "isBuy": true, "qty": 8419}, {"price": 7916, "isBuy": true, "qty": 33}, {"price": 7838, "isBuy": true, "qty": 241}, {"price": 7838, "isBuy": true, "qty": 239}, {"price": 7761, "isBuy": true, "qty": 302}], "symbol": "TPIE", "venue": "QLECEX", "ts": "2016-04-29T23:46:16.798012413Z"}, {"ok": true, "asks": null, "bids": [{"price": 8110, "isBuy": true, "qty": 183}, {"price": 8110, "isBuy": true, "qty": 199}, {"price": 8030, "isBuy": true, "qty": 8419}, {"price": 7990, "isBuy": true, "qty": 8419}, {"price": 7950, "isBuy": true, "qty": 8419}, {"price": 7916, "isBuy": true, "qty": 33}, {"price": 7838, "isBuy": true, "qty": 241}, {"price": 7838, "isBuy": true, "qty": 239}, {"price": 7761, "isBuy": true, "qty": 302}], "symbol": "TPIE", "venue": "QLECEX", "ts": "2016-04-29T23:46:18.294407896Z"}, {"ok": true, "asks": null, "bids": [{"price": 7916, "isBuy": true, "qty": 33}, {"price": 7893, "isBuy": true, "qty": 8410}, {"price": 7854, "isBuy": true, "qty": 8410}, {"price": 7838, "isBuy": true, "qty": 241}, {"price": 7838, "isBuy": true, "qty": 239}, {"price": 7815, "isBuy": true, "qty": 8410}, {"price": 7761, "isBuy": true, "qty": 302}], "symbol": "TPIE", "venue": "QLECEX", "ts": "2016-04-29T23:46:18.798577537Z"}, {"ok": true, "asks": null, "bids": [{"price": 7916, "isBuy": true, "qty": 33}, {"price": 7893, "isBuy": true, "qty": 8410}, {"price": 7854, "isBuy": true, "qty": 8410}, {"price": 7838, "isBuy": true, "qty": 241}, {"price": 7838, "isBuy": true, "qty": 239}, {"price": 7815, "isBuy": true, "qty": 8410}, {"price": 7761, "isBuy": true, "qty": 302}], "symbol": "TPIE", "venue": "QLECEX", "ts": "2016-04-29T23:46:18.896327606Z"}, {"ok": true, "asks": null, "bids": [{"price": 7893, "isBuy": true, "qty": 8410}, {"price": 7854, "isBuy": true, "qty": 8410}, {"price": 7838, "isBuy": true, "qty": 241}, {"price": 7838, "isBuy": true, "qty": 239}, {"price": 7815, "isBuy": true, "qty": 8410}, {"price": 7761, "isBuy": true, "qty": 302}], "symbol": "TPIE", "venue": "QLECEX", "ts": "2016-04-29T23:46:19.111692446Z"}, {"ok": true, "asks": null, "bids": [{"price": 7893, "isBuy": true, "qty": 8410}, {"price": 7854, "isBuy": true, "qty": 8410}, {"price": 7838, "isBuy": true, "qty": 241}, {"price": 7838, "isBuy": true, "qty": 239}, {"price": 7815, "isBuy": true, "qty": 8410}, {"price": 7761, "isBuy": true, "qty": 302}], "symbol": "TPIE", "venue": "QLECEX", "ts": "2016-04-29T23:46:19.274772807Z"}, {"ok": true, "asks": null, "bids": [{"price": 7893, "isBuy": true, "qty": 8410}, {"price": 7854, "isBuy": true, "qty": 8410}, {"price": 7838, "isBuy": true, "qty": 241}, {"price": 7838, "isBuy": true, "qty": 239}, {"price": 7815, "isBuy": true, "qty": 8410}, {"price": 7761, "isBuy": true, "qty": 302}], "symbol": "TPIE", "venue": "QLECEX", "ts": "2016-04-29T23:46:19.716519593Z"}, {"ok": true, "asks": null, "bids": [{"price": 7932, "isBuy": true, "qty": 116}, {"price": 7893, "isBuy": true, "qty": 8410}, {"price": 7854, "isBuy": true, "qty": 8410}, {"price": 7838, "isBuy": true, "qty": 241}, {"price": 7838, "isBuy": true, "qty": 239}, {"price": 7815, "isBuy": true, "qty": 8410}, {"price": 7761, "isBuy": true, "qty": 302}], "symbol": "TPIE", "venue": "QLECEX", "ts": "2016-04-29T23:46:21.527995369Z"}, {"ok": true, "asks": null, "bids": [{"price": 7932, "isBuy": true, "qty": 116}, {"price": 7893, "isBuy": true, "qty": 8410}, {"price": 7854, "isBuy": true, "qty": 8410}, {"price": 7838, "isBuy": true, "qty": 241}, {"price": 7838, "isBuy": true, "qty": 239}, {"price": 7815, "isBuy": true, "qty": 8410}, {"price": 7761, "isBuy": true, "qty": 302}], "symbol": "TPIE", "venue": "QLECEX", "ts": "2016-04-29T23:46:21.668260729Z"}, {"ok": true, "asks": null, "bids": [{"price": 7932, "isBuy": true, "qty": 116}, {"price": 7893, "isBuy": true, "qty": 8410}, {"price": 7854, "isBuy": true, "qty": 8410}, {"price": 7838, "isBuy": true, "qty": 241}, {"price": 7838, "isBuy": true, "qty": 239}, {"price": 7815, "isBuy": true, "qty": 8410}, {"price": 7761, "isBuy": true, "qty": 302}], "symbol": "TPIE", "venue": "QLECEX", "ts": "2016-04-29T23:46:21.736534254Z"}, {"ok": true, "asks": null, "bids": [{"price": 7932, "isBuy": true, "qty": 116}, {"price": 7893, "isBuy": true, "qty": 8410}, {"price": 7854, "isBuy": true, "qty": 8410}, {"price": 7838, "isBuy": true, "qty": 241}, {"price": 7838, "isBuy": true, "qty": 239}, {"price": 7815, "isBuy": true, "qty": 8410}, {"price": 7761, "isBuy": true, "qty": 302}], "symbol": "TPIE", "venue": "QLECEX", "ts": "2016-04-29T23:46:21.774302366Z"}, {"ok": true, "asks": null, "bids": [{"price": 7932, "isBuy": true, "qty": 116}, {"price": 7893, "isBuy": true, "qty": 8410}, {"price": 7854, "isBuy": true, "qty": 8410}, {"price": 7838, "isBuy": true, "qty": 241}, {"price": 7838, "isBuy": true, "qty": 239}, {"price": 7815, "isBuy": true, "qty": 8410}, {"price": 7761, "isBuy": true, "qty": 302}], "symbol": "TPIE", "venue": "QLECEX", "ts": "2016-04-29T23:46:21.93811712Z"}, {"ok": true, "asks": [{"price": 10212, "isBuy": false, "qty": 1113}, {"price": 10262, "isBuy": false, "qty": 1113}, {"price": 10312, "isBuy": false, "qty": 1113}], "bids": [{"price": 10162, "isBuy": true, "qty": 39270}, {"price": 7838, "isBuy": true, "qty": 241}, {"price": 7838, "isBuy": true, "qty": 239}, {"price": 7761, "isBuy": true, "qty": 302}, {"price": 7548, "isBuy": true, "qty": 8886}, {"price": 7511, "isBuy": true, "qty": 8886}, {"price": 7474, "isBuy": true, "qty": 8886}], "symbol": "TPIE", "venue": "QLECEX", "ts": "2016-04-29T23:46:23.649723751Z"}, {"ok": true, "asks": [{"price": 10212, "isBuy": false, "qty": 1113}, {"price": 10262, "isBuy": false, "qty": 1113}, {"price": 10312, "isBuy": false, "qty": 1113}], "bids": [{"price": 10162, "isBuy": true, "qty": 39270}, {"price": 7838, "isBuy": true, "qty": 241}, {"price": 7838, "isBuy": true, "qty": 239}, {"price": 7761, "isBuy": true, "qty": 302}, {"price": 7548, "isBuy": true, "qty": 8886}, {"price": 7511, "isBuy": true, "qty": 8886}, {"price": 7474, "isBuy": true, "qty": 8886}], "symbol": "TPIE", "venue": "QLECEX", "ts": "2016-04-29T23:46:24.423854969Z"}, {"ok": true, "asks": [{"price": 10212, "isBuy": false, "qty": 1113}, {"price": 10262, "isBuy": false, "qty": 1113}, {"price": 10312, "isBuy": false, "qty": 1113}], "bids": [{"price": 10162, "isBuy": true, "qty": 39270}, {"price": 7838, "isBuy": true, "qty": 241}, {"price": 7838, "isBuy": true, "qty": 239}, {"price": 7761, "isBuy": true, "qty": 302}, {"price": 7548, "isBuy": true, "qty": 8886}, {"price": 7511, "isBuy": true, "qty": 8886}, {"price": 7474, "isBuy": true, "qty": 8886}], "symbol": "TPIE", "venue": "QLECEX", "ts": "2016-04-29T23:46:24.569145682Z"}, {"ok": true, "asks": [{"price": 10212, "isBuy": false, "qty": 1113}, {"price": 10262, "isBuy": false, "qty": 1113}, {"price": 10312, "isBuy": false, "qty": 1113}], "bids": [{"price": 10162, "isBuy": true, "qty": 39270}, {"price": 7838, "isBuy": true, "qty": 241}, {"price": 7838, "isBuy": true, "qty": 239}, {"price": 7761, "isBuy": true, "qty": 302}, {"price": 7548, "isBuy": true, "qty": 8886}, {"price": 7511, "isBuy": true, "qty": 8886}, {"price": 7474, "isBuy": true, "qty": 8886}], "symbol": "TPIE", "venue": "QLECEX", "ts": "2016-04-29T23:46:24.722682989Z"}, {"ok": true, "asks": [{"price": 10212, "isBuy": false, "qty": 1113}, {"price": 10262, "isBuy": false, "qty": 1113}, {"price": 10312, "isBuy": false, "qty": 1113}], "bids": [{"price": 10162, "isBuy": true, "qty": 38720}, {"price": 7916, "isBuy": true, "qty": 58}, {"price": 7838, "isBuy": true, "qty": 241}, {"price": 7838, "isBuy": true, "qty": 239}, {"price": 7761, "isBuy": true, "qty": 302}, {"price": 7548, "isBuy": true, "qty": 8886}, {"price": 7511, "isBuy": true, "qty": 8886}, {"price": 7474, "isBuy": true, "qty": 8886}], "symbol": "TPIE", "venue": "QLECEX", "ts": "2016-04-29T23:46:26.048650048Z"}, {"ok": true, "asks": [{"price": 10212, "isBuy": false, "qty": 1113}, {"price": 10262, "isBuy": false, "qty": 1113}, {"price": 10312, "isBuy": false, "qty": 1113}], "bids": [{"price": 10162, "isBuy": true, "qty": 38720}, {"price": 7995, "isBuy": true, "qty": 304}, {"price": 7916, "isBuy": true, "qty": 58}, {"price": 7838, "isBuy": true, "qty": 241}, {"price": 7838, "isBuy": true, "qty": 239}, {"price": 7761, "isBuy": true, "qty": 302}, {"price": 7548, "isBuy": true, "qty": 8886}, {"price": 7511, "isBuy": true, "qty": 8886}, {"price": 7474, "isBuy": true, "qty": 8886}], "symbol": "TPIE", "venue": "QLECEX", "ts": "2016-04-29T23:46:26.987844928Z"}, {"ok": true, "asks": [{"price": 10212, "isBuy": false, "qty": 1113}, {"price": 10262, "isBuy": false, "qty": 1113}, {"price": 10312, "isBuy": false, "qty": 1113}], "bids": [{"price": 10162, "isBuy": true, "qty": 38720}, {"price": 7995, "isBuy": true, "qty": 304}, {"price": 7916, "isBuy": true, "qty": 58}, {"price": 7838, "isBuy": true, "qty": 241}, {"price": 7838, "isBuy": true, "qty": 239}, {"price": 7761, "isBuy": true, "qty": 302}, {"price": 7548, "isBuy": true, "qty": 8886}, {"price": 7511, "isBuy": true, "qty": 8886}, {"price": 7474, "isBuy": true, "qty": 8886}], "symbol": "TPIE", "venue": "QLECEX", "ts": "2016-04-29T23:46:27.088011676Z"}, {"ok": true, "asks": [{"price": 10212, "isBuy": false, "qty": 1113}, {"price": 10262, "isBuy": false, "qty": 1113}, {"price": 10312, "isBuy": false, "qty": 1113}], "bids": [{"price": 10162, "isBuy": true, "qty": 38720}, {"price": 7995, "isBuy": true, "qty": 304}, {"price": 7916, "isBuy": true, "qty": 58}, {"price": 7838, "isBuy": true, "qty": 241}, {"price": 7838, "isBuy": true, "qty": 239}, {"price": 7761, "isBuy": true, "qty": 302}, {"price": 7548, "isBuy": true, "qty": 8886}, {"price": 7511, "isBuy": true, "qty": 8886}, {"price": 7474, "isBuy": true, "qty": 8886}], "symbol": "TPIE", "venue": "QLECEX", "ts": "2016-04-29T23:46:27.215786654Z"}, {"ok": true, "asks": [{"price": 10212, "isBuy": false, "qty": 1113}, {"price": 10262, "isBuy": false, "qty": 1113}, {"price": 10312, "isBuy": false, "qty": 1113}], "bids": [{"price": 10162, "isBuy": true, "qty": 38445}, {"price": 7995, "isBuy": true, "qty": 304}, {"price": 7916, "isBuy": true, "qty": 58}, {"price": 7838, "isBuy": true, "qty": 241}, {"price": 7838, "isBuy": true, "qty": 239}, {"price": 7761, "isBuy": true, "qty": 302}, {"price": 7548, "isBuy": true, "qty": 8886}, {"price": 7511, "isBuy": true, "qty": 8886}, {"price": 7474, "isBuy": true, "qty": 8886}], "symbol": "TPIE", "venue": "QLECEX", "ts": "2016-04-29T23:46:27.339146778Z"}, {"ok": true, "asks": [{"price": 10212, "isBuy": false, "qty": 1113}, {"price": 10262, "isBuy": false, "qty": 1113}, {"price": 10312, "isBuy": false, "qty": 1113}], "bids": [{"price": 10162, "isBuy": true, "qty": 38445}, {"price": 7995, "isBuy": true, "qty": 304}, {"price": 7916, "isBuy": true, "qty": 58}, {"price": 7838, "isBuy": true, "qty": 241}, {"price": 7838, "isBuy": true, "qty": 239}, {"price": 7761, "isBuy": true, "qty": 302}, {"price": 7548, "isBuy": true, "qty": 8886}, {"price": 7511, "isBuy": true, "qty": 8886}, {"price": 7474, "isBuy": true, "qty": 8886}], "symbol": "TPIE", "venue": "QLECEX", "ts": "2016-04-29T23:46:27.459601677Z"}, {"ok": true, "asks": [{"price": 10212, "isBuy": false, "qty": 1113}, {"price": 10262, "isBuy": false, "qty": 1113}, {"price": 10312, "isBuy": false, "qty": 1113}], "bids": [{"price": 10162, "isBuy": true, "qty": 38445}, {"price": 7995, "isBuy": true, "qty": 304}, {"price": 7916, "isBuy": true, "qty": 58}, {"price": 7838, "isBuy": true, "qty": 241}, {"price": 7838, "isBuy": true, "qty": 239}, {"price": 7761, "isBuy": true, "qty": 302}, {"price": 7548, "isBuy": true, "qty": 8886}, {"price": 7511, "isBuy": true, "qty": 8886}, {"price": 7474, "isBuy": true, "qty": 8886}], "symbol": "TPIE", "venue": "QLECEX", "ts": "2016-04-29T23:46:27.645068437Z"}, {"ok": true, "asks": [{"price": 10159, "isBuy": false, "qty": 162}], "bids": [{"price": 8074, "isBuy": true, "qty": 26}, {"price": 7995, "isBuy": true, "qty": 304}, {"price": 7916, "isBuy": true, "qty": 58}, {"price": 7838, "isBuy": true, "qty": 241}, {"price": 7838, "isBuy": true, "qty": 239}, {"price": 7761, "isBuy": true, "qty": 302}, {"price": 7679, "isBuy": true, "qty": 8886}, {"price": 7641, "isBuy": true, "qty": 8886}, {"price": 7603, "isBuy": true, "qty": 8886}], "symbol": "TPIE", "venue": "QLECEX", "ts": "2016-04-29T23:46:29.486026771Z"}, {"ok": true, "asks": [{"price": 10159, "isBuy": false, "qty": 162}], "bids": [{"price": 8074, "isBuy": true, "qty": 26}, {"price": 7995, "isBuy": true, "qty": 304}, {"price": 7916, "isBuy": true, "qty": 58}, {"price": 7838, "isBuy": true, "qty": 241}, {"price": 7838, "isBuy": true, "qty": 239}, {"price": 7761, "isBuy": true, "qty": 302}, {"price": 7679, "isBuy": true, "qty": 8886}, {"price": 7641, "isBuy": true, "qty": 8886}, {"price": 7603, "isBuy": true, "qty": 8886}], "symbol": "TPIE", "venue": "QLECEX", "ts": "2016-04-29T23:46:29.928642704Z"}, {"ok": true, "asks": [{"price": 10159, "isBuy": false, "qty": 162}], "bids": [{"price": 8074, "isBuy": true, "qty": 26}, {"price": 7995, "isBuy": true, "qty": 304}, {"price": 7916, "isBuy": true, "qty": 58}, {"price": 7838, "isBuy": true, "qty": 241}, {"price": 7838, "isBuy": true, "qty": 239}, {"price": 7761, "isBuy": true, "qty": 302}, {"price": 7679, "isBuy": true, "qty": 8886}, {"price": 7641, "isBuy": true, "qty": 8886}, {"price": 7603, "isBuy": true, "qty": 8886}], "symbol": "TPIE", "venue": "QLECEX", "ts": "2016-04-29T23:46:30.026953812Z"}, {"ok": true, "asks": [{"price": 10159, "isBuy": false, "qty": 162}], "bids": [{"price": 7995, "isBuy": true, "qty": 304}, {"price": 7916, "isBuy": true, "qty": 58}, {"price": 7838, "isBuy": true, "qty": 241}, {"price": 7838, "isBuy": true, "qty": 239}, {"price": 7761, "isBuy": true, "qty": 302}, {"price": 7679, "isBuy": true, "qty": 8886}, {"price": 7641, "isBuy": true, "qty": 8886}, {"price": 7603, "isBuy": true, "qty": 8886}], "symbol": "TPIE", "venue": "QLECEX", "ts": "2016-04-29T23:46:30.369018737Z"}, {"ok": true, "asks": [{"price": 10159, "isBuy": false, "qty": 162}], "bids": [{"price": 7995, "isBuy": true, "qty": 304}, {"price": 7916, "isBuy": true, "qty": 58}, {"price": 7838, "isBuy": true, "qty": 241}, {"price": 7838, "isBuy": true, "qty": 239}, {"price": 7761, "isBuy": true, "qty": 302}, {"price": 7679, "isBuy": true, "qty": 8886}, {"price": 7641, "isBuy": true, "qty": 8886}, {"price": 7603, "isBuy": true, "qty": 8886}], "symbol": "TPIE", "venue": "QLECEX", "ts": "2016-04-29T23:46:30.482894778Z"}, {"ok": true, "asks": [{"price": 10159, "isBuy": false, "qty": 162}], "bids": [{"price": 8074, "isBuy": true, "qty": 158}, {"price": 7995, "isBuy": true, "qty": 304}, {"price": 7916, "isBuy": true, "qty": 58}, {"price": 7838, "isBuy": true, "qty": 241}, {"price": 7838, "isBuy": true, "qty": 239}, {"price": 7761, "isBuy": true, "qty": 302}, {"price": 7679, "isBuy": true, "qty": 8886}, {"price": 7641, "isBuy": true, "qty": 8886}, {"price": 7603, "isBuy": true, "qty": 8886}], "symbol": "TPIE", "venue": "QLECEX", "ts": "2016-04-29T23:46:30.58897739Z"}, {"ok": true, "asks": [{"price": 10159, "isBuy": false, "qty": 162}], "bids": [{"price": 8074, "isBuy": true, "qty": 158}, {"price": 7995, "isBuy": true, "qty": 304}, {"price": 7916, "isBuy": true, "qty": 58}, {"price": 7838, "isBuy": true, "qty": 241}, {"price": 7838, "isBuy": true, "qty": 239}, {"price": 7761, "isBuy": true, "qty": 302}, {"price": 7679, "isBuy": true, "qty": 8886}, {"price": 7641, "isBuy": true, "qty": 8886}, {"price": 7603, "isBuy": true, "qty": 8886}], "symbol": "TPIE", "venue": "QLECEX", "ts": "2016-04-29T23:46:30.704675834Z"}, {"ok": true, "asks": [{"price": 10159, "isBuy": false, "qty": 162}], "bids": [{"price": 8074, "isBuy": true, "qty": 158}, {"price": 7995, "isBuy": true, "qty": 304}, {"price": 7916, "isBuy": true, "qty": 58}, {"price": 7838, "isBuy": true, "qty": 241}, {"price": 7838, "isBuy": true, "qty": 239}, {"price": 7761, "isBuy": true, "qty": 302}, {"price": 7679, "isBuy": true, "qty": 8886}, {"price": 7641, "isBuy": true, "qty": 8886}, {"price": 7603, "isBuy": true, "qty": 8886}], "symbol": "TPIE", "venue": "QLECEX", "ts": "2016-04-29T23:46:30.814762237Z"}, {"ok": true, "asks": [{"price": 10159, "isBuy": false, "qty": 162}], "bids": [{"price": 8074, "isBuy": true, "qty": 158}, {"price": 7995, "isBuy": true, "qty": 304}, {"price": 7916, "isBuy": true, "qty": 58}, {"price": 7838, "isBuy": true, "qty": 241}, {"price": 7838, "isBuy": true, "qty": 239}, {"price": 7761, "isBuy": true, "qty": 302}, {"price": 7679, "isBuy": true, "qty": 8886}, {"price": 7641, "isBuy": true, "qty": 8886}, {"price": 7603, "isBuy": true, "qty": 8886}], "symbol": "TPIE", "venue": "QLECEX", "ts": "2016-04-29T23:46:31.105904143Z"}, {"ok": true, "asks": [{"price": 10159, "isBuy": false, "qty": 162}], "bids": [{"price": 8074, "isBuy": true, "qty": 158}, {"price": 8074, "isBuy": true, "qty": 79}, {"price": 7995, "isBuy": true, "qty": 304}, {"price": 7916, "isBuy": true, "qty": 58}, {"price": 7838, "isBuy": true, "qty": 241}, {"price": 7838, "isBuy": true, "qty": 239}, {"price": 7761, "isBuy": true, "qty": 302}, {"price": 7679, "isBuy": true, "qty": 8886}, {"price": 7641, "isBuy": true, "qty": 8886}, {"price": 7603, "isBuy": true, "qty": 8886}], "symbol": "TPIE", "venue": "QLECEX", "ts": "2016-04-29T23:46:32.735863337Z"}, {"ok": true, "asks": [{"price": 10159, "isBuy": false, "qty": 162}], "bids": [{"price": 8074, "isBuy": true, "qty": 158}, {"price": 8074, "isBuy": true, "qty": 79}, {"price": 7995, "isBuy": true, "qty": 304}, {"price": 7916, "isBuy": true, "qty": 58}, {"price": 7838, "isBuy": true, "qty": 241}, {"price": 7838, "isBuy": true, "qty": 239}, {"price": 7761, "isBuy": true, "qty": 302}, {"price": 7679, "isBuy": true, "qty": 8886}, {"price": 7641, "isBuy": true, "qty": 8886}, {"price": 7603, "isBuy": true, "qty": 8886}], "symbol": "TPIE", "venue": "QLECEX", "ts": "2016-04-29T23:46:33.127613086Z"}, {"ok": true, "asks": [{"price": 10159, "isBuy": false, "qty": 162}], "bids": [{"price": 8074, "isBuy": true, "qty": 158}, {"price": 8074, "isBuy": true, "qty": 79}, {"price": 7995, "isBuy": true, "qty": 304}, {"price": 7916, "isBuy": true, "qty": 58}, {"price": 7838, "isBuy": true, "qty": 241}, {"price": 7838, "isBuy": true, "qty": 239}, {"price": 7761, "isBuy": true, "qty": 302}, {"price": 7679, "isBuy": true, "qty": 8886}, {"price": 7641, "isBuy": true, "qty": 8886}, {"price": 7603, "isBuy": true, "qty": 8886}], "symbol": "TPIE", "venue": "QLECEX", "ts": "2016-04-29T23:46:33.243433259Z"}, {"ok": true, "asks": [{"price": 10159, "isBuy": false, "qty": 162}], "bids": [{"price": 8074, "isBuy": true, "qty": 158}, {"price": 8074, "isBuy": true, "qty": 79}, {"price": 7995, "isBuy": true, "qty": 304}, {"price": 7916, "isBuy": true, "qty": 58}, {"price": 7838, "isBuy": true, "qty": 241}, {"price": 7838, "isBuy": true, "qty": 239}, {"price": 7761, "isBuy": true, "qty": 302}, {"price": 7679, "isBuy": true, "qty": 8886}, {"price": 7641, "isBuy": true, "qty": 8886}, {"price": 7603, "isBuy": true, "qty": 8886}], "symbol": "TPIE", "venue": "QLECEX", "ts": "2016-04-29T23:46:33.346216119Z"}, {"ok": true, "asks": [{"price": 10159, "isBuy": false, "qty": 162}], "bids": [{"price": 8074, "isBuy": true, "qty": 158}, {"price": 8074, "isBuy": true, "qty": 79}, {"price": 7995, "isBuy": true, "qty": 304}, {"price": 7916, "isBuy": true, "qty": 58}, {"price": 7838, "isBuy": true, "qty": 241}, {"price": 7838, "isBuy": true, "qty": 239}, {"price": 7761, "isBuy": true, "qty": 302}, {"price": 7679, "isBuy": true, "qty": 8886}, {"price": 7641, "isBuy": true, "qty": 8886}, {"price": 7603, "isBuy": true, "qty": 8886}], "symbol": "TPIE", "venue": "QLECEX", "ts": "2016-04-29T23:46:33.447106238Z"}, {"ok": true, "asks": [{"price": 10159, "isBuy": false, "qty": 162}], "bids": [{"price": 8074, "isBuy": true, "qty": 158}, {"price": 8074, "isBuy": true, "qty": 79}, {"price": 7995, "isBuy": true, "qty": 304}, {"price": 7916, "isBuy": true, "qty": 58}, {"price": 7838, "isBuy": true, "qty": 241}, {"price": 7838, "isBuy": true, "qty": 239}, {"price": 7761, "isBuy": true, "qty": 302}, {"price": 7679, "isBuy": true, "qty": 8886}, {"price": 7641, "isBuy": true, "qty": 8886}, {"price": 7603, "isBuy": true, "qty": 8886}], "symbol": "TPIE", "venue": "QLECEX", "ts": "2016-04-29T23:46:33.593190135Z"}, {"ok": true, "asks": [{"price": 8273, "isBuy": false, "qty": 1113}, {"price": 8314, "isBuy": false, "qty": 1113}, {"price": 8355, "isBuy": false, "qty": 1113}, {"price": 10159, "isBuy": false, "qty": 162}], "bids": [{"price": 8074, "isBuy": true, "qty": 17}, {"price": 7995, "isBuy": true, "qty": 304}, {"price": 7916, "isBuy": true, "qty": 58}, {"price": 7838, "isBuy": true, "qty": 241}, {"price": 7838, "isBuy": true, "qty": 239}, {"price": 7761, "isBuy": true, "qty": 302}, {"price": 7598, "isBuy": true, "qty": 8886}, {"price": 7560, "isBuy": true, "qty": 8886}, {"price": 7522, "isBuy": true, "qty": 8886}], "symbol": "TPIE", "venue": "QLECEX", "ts": "2016-04-29T23:46:33.819017922Z"}, {"ok": true, "asks": [{"price": 8273, "isBuy": false, "qty": 1113}, {"price": 8314, "isBuy": false, "qty": 1113}, {"price": 8355, "isBuy": false, "qty": 1113}, {"price": 10159, "isBuy": false, "qty": 162}], "bids": [{"price": 8074, "isBuy": true, "qty": 17}, {"price": 7995, "isBuy": true, "qty": 304}, {"price": 7916, "isBuy": true, "qty": 58}, {"price": 7838, "isBuy": true, "qty": 241}, {"price": 7838, "isBuy": true, "qty": 239}, {"price": 7761, "isBuy": true, "qty": 302}, {"price": 7598, "isBuy": true, "qty": 8886}, {"price": 7560, "isBuy": true, "qty": 8886}, {"price": 7522, "isBuy": true, "qty": 8886}], "symbol": "TPIE", "venue": "QLECEX", "ts": "2016-04-29T23:46:34.060678428Z"}, {"ok": true, "asks": [{"price": 8273, "isBuy": false, "qty": 1113}, {"price": 8314, "isBuy": false, "qty": 1113}, {"price": 8355, "isBuy": false, "qty": 1113}, {"price": 10159, "isBuy": false, "qty": 162}], "bids": [{"price": 8074, "isBuy": true, "qty": 17}, {"price": 7995, "isBuy": true, "qty": 304}, {"price": 7916, "isBuy": true, "qty": 58}, {"price": 7838, "isBuy": true, "qty": 241}, {"price": 7838, "isBuy": true, "qty": 239}, {"price": 7761, "isBuy": true, "qty": 302}, {"price": 7598, "isBuy": true, "qty": 8886}, {"price": 7560, "isBuy": true, "qty": 8886}, {"price": 7522, "isBuy": true, "qty": 8886}], "symbol": "TPIE", "venue": "QLECEX", "ts": "2016-04-29T23:46:34.234451977Z"}, {"ok": true, "asks": [{"price": 8273, "isBuy": false, "qty": 1113}, {"price": 8314, "isBuy": false, "qty": 1113}, {"price": 8355, "isBuy": false, "qty": 1113}, {"price": 10159, "isBuy": false, "qty": 162}], "bids": [{"price": 8154, "isBuy": true, "qty": 149}, {"price": 8074, "isBuy": true, "qty": 17}, {"price": 7995, "isBuy": true, "qty": 304}, {"price": 7916, "isBuy": true, "qty": 58}, {"price": 7838, "isBuy": true, "qty": 241}, {"price": 7838, "isBuy": true, "qty": 239}, {"price": 7761, "isBuy": true, "qty": 302}, {"price": 7598, "isBuy": true, "qty": 8886}, {"price": 7560, "isBuy": true, "qty": 8886}, {"price": 7522, "isBuy": true, "qty": 8886}], "symbol": "TPIE", "venue": "QLECEX", "ts": "2016-04-29T23:46:34.948890625Z"}, {"ok": true, "asks": [{"price": 8230, "isBuy": false, "qty": 299}, {"price": 8273, "isBuy": false, "qty": 1113}, {"price": 8314, "isBuy": false, "qty": 1113}, {"price": 8355, "isBuy": false, "qty": 1113}, {"price": 10159, "isBuy": false, "qty": 162}], "bids": [{"price": 8154, "isBuy": true, "qty": 149}, {"price": 8074, "isBuy": true, "qty": 17}, {"price": 7995, "isBuy": true, "qty": 304}, {"price": 7916, "isBuy": true, "qty": 58}, {"price": 7838, "isBuy": true, "qty": 241}, {"price": 7838, "isBuy": true, "qty": 239}, {"price": 7761, "isBuy": true, "qty": 302}, {"price": 7598, "isBuy": true, "qty": 8886}, {"price": 7560, "isBuy": true, "qty": 8886}, {"price": 7522, "isBuy": true, "qty": 8886}], "symbol": "TPIE", "venue": "QLECEX", "ts": "2016-04-29T23:46:36.262865428Z"}, {"ok": true, "asks": [{"price": 8230, "isBuy": false, "qty": 299}, {"price": 8273, "isBuy": false, "qty": 1113}, {"price": 8314, "isBuy": false, "qty": 1113}, {"price": 8355, "isBuy": false, "qty": 1113}, {"price": 10159, "isBuy": false, "qty": 162}], "bids": [{"price": 8154, "isBuy": true, "qty": 149}, {"price": 8074, "isBuy": true, "qty": 17}, {"price": 7995, "isBuy": true, "qty": 304}, {"price": 7916, "isBuy": true, "qty": 58}, {"price": 7838, "isBuy": true, "qty": 241}, {"price": 7838, "isBuy": true, "qty": 239}, {"price": 7761, "isBuy": true, "qty": 302}, {"price": 7598, "isBuy": true, "qty": 8886}, {"price": 7560, "isBuy": true, "qty": 8886}, {"price": 7522, "isBuy": true, "qty": 8886}], "symbol": "TPIE", "venue": "QLECEX", "ts": "2016-04-29T23:46:36.604626811Z"}, {"ok": true, "asks": [{"price": 8230, "isBuy": false, "qty": 299}, {"price": 8273, "isBuy": false, "qty": 1113}, {"price": 8314, "isBuy": false, "qty": 1113}, {"price": 8355, "isBuy": false, "qty": 1113}, {"price": 10159, "isBuy": false, "qty": 162}], "bids": [{"price": 8154, "isBuy": true, "qty": 149}, {"price": 8074, "isBuy": true, "qty": 17}, {"price": 7995, "isBuy": true, "qty": 304}, {"price": 7916, "isBuy": true, "qty": 58}, {"price": 7838, "isBuy": true, "qty": 241}, {"price": 7838, "isBuy": true, "qty": 239}, {"price": 7761, "isBuy": true, "qty": 302}, {"price": 7598, "isBuy": true, "qty": 8886}, {"price": 7560, "isBuy": true, "qty": 8886}, {"price": 7522, "isBuy": true, "qty": 8886}], "symbol": "TPIE", "venue": "QLECEX", "ts": "2016-04-29T23:46:36.731876457Z"}, {"ok": true, "asks": [{"price": 8230, "isBuy": false, "qty": 299}, {"price": 8273, "isBuy": false, "qty": 1113}, {"price": 8314, "isBuy": false, "qty": 1113}, {"price": 8355, "isBuy": false, "qty": 1113}], "bids": [{"price": 8154, "isBuy": true, "qty": 149}, {"price": 8074, "isBuy": true, "qty": 17}, {"price": 7995, "isBuy": true, "qty": 304}, {"price": 7916, "isBuy": true, "qty": 58}, {"price": 7838, "isBuy": true, "qty": 241}, {"price": 7838, "isBuy": true, "qty": 239}, {"price": 7761, "isBuy": true, "qty": 302}, {"price": 7598, "isBuy": true, "qty": 8886}, {"price": 7560, "isBuy": true, "qty": 8886}, {"price": 7522, "isBuy": true, "qty": 8886}], "symbol": "TPIE", "venue": "QLECEX", "ts": "2016-04-29T23:46:36.972989499Z"}, {"ok": true, "asks": [{"price": 8230, "isBuy": false, "qty": 299}, {"price": 8273, "isBuy": false, "qty": 1113}, {"price": 8314, "isBuy": false, "qty": 1113}, {"price": 8355, "isBuy": false, "qty": 1113}], "bids": [{"price": 8154, "isBuy": true, "qty": 149}, {"price": 8074, "isBuy": true, "qty": 17}, {"price": 7995, "isBuy": true, "qty": 304}, {"price": 7916, "isBuy": true, "qty": 58}, {"price": 7838, "isBuy": true, "qty": 241}, {"price": 7838, "isBuy": true, "qty": 239}, {"price": 7761, "isBuy": true, "qty": 302}, {"price": 7598, "isBuy": true, "qty": 8886}, {"price": 7560, "isBuy": true, "qty": 8886}, {"price": 7522, "isBuy": true, "qty": 8886}], "symbol": "TPIE", "venue": "QLECEX", "ts": "2016-04-29T23:46:37.137897865Z"}, {"ok": true, "asks": [{"price": 8230, "isBuy": false, "qty": 299}, {"price": 8273, "isBuy": false, "qty": 1113}, {"price": 8314, "isBuy": false, "qty": 1113}, {"price": 8355, "isBuy": false, "qty": 1113}], "bids": [{"price": 8074, "isBuy": true, "qty": 17}, {"price": 7995, "isBuy": true, "qty": 304}, {"price": 7916, "isBuy": true, "qty": 58}, {"price": 7838, "isBuy": true, "qty": 241}, {"price": 7838, "isBuy": true, "qty": 239}, {"price": 7761, "isBuy": true, "qty": 302}, {"price": 7598, "isBuy": true, "qty": 8886}, {"price": 7560, "isBuy": true, "qty": 8886}, {"price": 7522, "isBuy": true, "qty": 8886}], "symbol": "TPIE", "venue": "QLECEX", "ts": "2016-04-29T23:46:37.366721453Z"}, {"ok": true, "asks": [{"price": 8230, "isBuy": false, "qty": 299}, {"price": 8273, "isBuy": false, "qty": 1113}, {"price": 8314, "isBuy": false, "qty": 1113}, {"price": 8355, "isBuy": false, "qty": 1113}], "bids": [{"price": 8074, "isBuy": true, "qty": 17}, {"price": 7995, "isBuy": true, "qty": 304}, {"price": 7916, "isBuy": true, "qty": 58}, {"price": 7838, "isBuy": true, "qty": 241}, {"price": 7838, "isBuy": true, "qty": 239}, {"price": 7761, "isBuy": true, "qty": 302}, {"price": 7598, "isBuy": true, "qty": 8886}, {"price": 7560, "isBuy": true, "qty": 8886}, {"price": 7522, "isBuy": true, "qty": 8886}], "symbol": "TPIE", "venue": "QLECEX", "ts": "2016-04-29T23:46:37.466670477Z"}, {"ok": true, "asks": [{"price": 8230, "isBuy": false, "qty": 299}, {"price": 8273, "isBuy": false, "qty": 1113}, {"price": 8314, "isBuy": false, "qty": 1113}, {"price": 8355, "isBuy": false, "qty": 1113}], "bids": [{"price": 8074, "isBuy": true, "qty": 17}, {"price": 7995, "isBuy": true, "qty": 304}, {"price": 7916, "isBuy": true, "qty": 58}, {"price": 7838, "isBuy": true, "qty": 241}, {"price": 7838, "isBuy": true, "qty": 239}, {"price": 7761, "isBuy": true, "qty": 302}, {"price": 7598, "isBuy": true, "qty": 8886}, {"price": 7560, "isBuy": true, "qty": 8886}, {"price": 7522, "isBuy": true, "qty": 8886}], "symbol": "TPIE", "venue": "QLECEX", "ts": "2016-04-29T23:46:37.564178021Z"}, {"ok": true, "asks": [{"price": 8230, "isBuy": false, "qty": 299}, {"price": 8273, "isBuy": false, "qty": 1113}, {"price": 8314, "isBuy": false, "qty": 1113}, {"price": 8355, "isBuy": false, "qty": 1113}], "bids": [{"price": 8074, "isBuy": true, "qty": 17}, {"price": 7995, "isBuy": true, "qty": 304}, {"price": 7916, "isBuy": true, "qty": 58}, {"price": 7838, "isBuy": true, "qty": 241}, {"price": 7838, "isBuy": true, "qty": 239}, {"price": 7761, "isBuy": true, "qty": 302}, {"price": 7598, "isBuy": true, "qty": 8886}, {"price": 7560, "isBuy": true, "qty": 8886}, {"price": 7522, "isBuy": true, "qty": 8886}], "symbol": "TPIE", "venue": "QLECEX", "ts": "2016-04-29T23:46:37.661835773Z"}, {"ok": true, "asks": [{"price": 8190, "isBuy": false, "qty": 230}, {"price": 8230, "isBuy": false, "qty": 299}, {"price": 8273, "isBuy": false, "qty": 1113}, {"price": 8314, "isBuy": false, "qty": 1113}, {"price": 8355, "isBuy": false, "qty": 1113}], "bids": [{"price": 8074, "isBuy": true, "qty": 17}, {"price": 7995, "isBuy": true, "qty": 304}, {"price": 7916, "isBuy": true, "qty": 58}, {"price": 7838, "isBuy": true, "qty": 241}, {"price": 7838, "isBuy": true, "qty": 239}, {"price": 7761, "isBuy": true, "qty": 302}, {"price": 7598, "isBuy": true, "qty": 8886}, {"price": 7560, "isBuy": true, "qty": 8886}, {"price": 7522, "isBuy": true, "qty": 8886}], "symbol": "TPIE", "venue": "QLECEX", "ts": "2016-04-29T23:46:37.777371605Z"}, {"ok": true, "asks": [{"price": 8190, "isBuy": false, "qty": 230}, {"price": 8230, "isBuy": false, "qty": 299}, {"price": 8273, "isBuy": false, "qty": 1113}, {"price": 8314, "isBuy": false, "qty": 1113}, {"price": 8355, "isBuy": false, "qty": 1113}], "bids": [{"price": 8074, "isBuy": true, "qty": 17}, {"price": 7995, "isBuy": true, "qty": 304}, {"price": 7916, "isBuy": true, "qty": 58}, {"price": 7838, "isBuy": true, "qty": 241}, {"price": 7838, "isBuy": true, "qty": 239}, {"price": 7761, "isBuy": true, "qty": 302}, {"price": 7598, "isBuy": true, "qty": 8886}, {"price": 7560, "isBuy": true, "qty": 8886}, {"price": 7522, "isBuy": true, "qty": 8886}], "symbol": "TPIE", "venue": "QLECEX", "ts": "2016-04-29T23:46:37.949172293Z"}, {"ok": true, "asks": [{"price": 8034, "isBuy": false, "qty": 1024}, {"price": 8073, "isBuy": false, "qty": 1113}, {"price": 8112, "isBuy": false, "qty": 1113}, {"price": 8230, "isBuy": false, "qty": 285}], "bids": [{"price": 7995, "isBuy": true, "qty": 205}, {"price": 7916, "isBuy": true, "qty": 58}, {"price": 7856, "isBuy": true, "qty": 8886}, {"price": 7838, "isBuy": true, "qty": 241}, {"price": 7838, "isBuy": true, "qty": 239}, {"price": 7817, "isBuy": true, "qty": 8886}, {"price": 7778, "isBuy": true, "qty": 8886}, {"price": 7761, "isBuy": true, "qty": 302}], "symbol": "TPIE", "venue": "QLECEX", "ts": "2016-04-29T23:46:40.262345512Z"}, {"ok": true, "asks": [{"price": 8034, "isBuy": false, "qty": 1024}, {"price": 8073, "isBuy": false, "qty": 1113}, {"price": 8112, "isBuy": false, "qty": 1113}, {"price": 8230, "isBuy": false, "qty": 285}], "bids": [{"price": 7995, "isBuy": true, "qty": 205}, {"price": 7916, "isBuy": true, "qty": 58}, {"price": 7856, "isBuy": true, "qty": 8886}, {"price": 7838, "isBuy": true, "qty": 241}, {"price": 7838, "isBuy": true, "qty": 239}, {"price": 7817, "isBuy": true, "qty": 8886}, {"price": 7778, "isBuy": true, "qty": 8886}, {"price": 7761, "isBuy": true, "qty": 302}], "symbol": "TPIE", "venue": "QLECEX", "ts": "2016-04-29T23:46:40.500259511Z"}, {"ok": true, "asks": [{"price": 8034, "isBuy": false, "qty": 1024}, {"price": 8073, "isBuy": false, "qty": 1113}, {"price": 8112, "isBuy": false, "qty": 1113}, {"price": 8230, "isBuy": false, "qty": 285}], "bids": [{"price": 7916, "isBuy": true, "qty": 58}, {"price": 7856, "isBuy": true, "qty": 8886}, {"price": 7838, "isBuy": true, "qty": 241}, {"price": 7838, "isBuy": true, "qty": 239}, {"price": 7817, "isBuy": true, "qty": 8886}, {"price": 7778, "isBuy": true, "qty": 8886}, {"price": 7761, "isBuy": true, "qty": 302}], "symbol": "TPIE", "venue": "QLECEX", "ts": "2016-04-29T23:46:40.633501322Z"}, {"ok": true, "asks": [{"price": 8034, "isBuy": false, "qty": 1024}, {"price": 8073, "isBuy": false, "qty": 1113}, {"price": 8112, "isBuy": false, "qty": 1113}], "bids": [{"price": 7916, "isBuy": true, "qty": 58}, {"price": 7856, "isBuy": true, "qty": 8886}, {"price": 7838, "isBuy": true, "qty": 241}, {"price": 7838, "isBuy": true, "qty": 239}, {"price": 7817, "isBuy": true, "qty": 8886}, {"price": 7778, "isBuy": true, "qty": 8886}, {"price": 7761, "isBuy": true, "qty": 302}], "symbol": "TPIE", "venue": "QLECEX", "ts": "2016-04-29T23:46:40.849454014Z"}, {"ok": true, "asks": [{"price": 8034, "isBuy": false, "qty": 1024}, {"price": 8073, "isBuy": false, "qty": 1113}, {"price": 8112, "isBuy": false, "qty": 1113}], "bids": [{"price": 7916, "isBuy": true, "qty": 58}, {"price": 7856, "isBuy": true, "qty": 8886}, {"price": 7838, "isBuy": true, "qty": 241}, {"price": 7838, "isBuy": true, "qty": 239}, {"price": 7817, "isBuy": true, "qty": 8886}, {"price": 7778, "isBuy": true, "qty": 8886}, {"price": 7761, "isBuy": true, "qty": 302}], "symbol": "TPIE", "venue": "QLECEX", "ts": "2016-04-29T23:46:40.988939523Z"}, {"ok": true, "asks": [{"price": 8034, "isBuy": false, "qty": 1024}, {"price": 8073, "isBuy": false, "qty": 1113}, {"price": 8112, "isBuy": false, "qty": 1113}], "bids": [{"price": 7916, "isBuy": true, "qty": 58}, {"price": 7856, "isBuy": true, "qty": 8886}, {"price": 7838, "isBuy": true, "qty": 241}, {"price": 7838, "isBuy": true, "qty": 239}, {"price": 7817, "isBuy": true, "qty": 8886}, {"price": 7778, "isBuy": true, "qty": 8886}, {"price": 7761, "isBuy": true, "qty": 302}], "symbol": "TPIE", "venue": "QLECEX", "ts": "2016-04-29T23:46:41.086807648Z"}, {"ok": true, "asks": [{"price": 8034, "isBuy": false, "qty": 1024}, {"price": 8073, "isBuy": false, "qty": 1113}, {"price": 8112, "isBuy": false, "qty": 1113}], "bids": [{"price": 7916, "isBuy": true, "qty": 58}, {"price": 7856, "isBuy": true, "qty": 8886}, {"price": 7838, "isBuy": true, "qty": 241}, {"price": 7838, "isBuy": true, "qty": 239}, {"price": 7817, "isBuy": true, "qty": 8886}, {"price": 7778, "isBuy": true, "qty": 8886}, {"price": 7761, "isBuy": true, "qty": 302}], "symbol": "TPIE", "venue": "QLECEX", "ts": "2016-04-29T23:46:41.187023849Z"}, {"ok": true, "asks": [{"price": 8034, "isBuy": false, "qty": 1024}, {"price": 8073, "isBuy": false, "qty": 1113}, {"price": 8112, "isBuy": false, "qty": 1113}], "bids": [{"price": 7995, "isBuy": true, "qty": 219}, {"price": 7856, "isBuy": true, "qty": 8886}, {"price": 7838, "isBuy": true, "qty": 241}, {"price": 7838, "isBuy": true, "qty": 239}, {"price": 7817, "isBuy": true, "qty": 8886}, {"price": 7778, "isBuy": true, "qty": 8886}, {"price": 7761, "isBuy": true, "qty": 302}], "symbol": "TPIE", "venue": "QLECEX", "ts": "2016-04-29T23:46:42.239760135Z"}, {"ok": true, "asks": [{"price": 8299, "isBuy": false, "qty": 1104}, {"price": 8340, "isBuy": false, "qty": 1104}, {"price": 8381, "isBuy": false, "qty": 1104}], "bids": [{"price": 8258, "isBuy": true, "qty": 257}, {"price": 7995, "isBuy": true, "qty": 11}, {"price": 7934, "isBuy": true, "qty": 139}, {"price": 7838, "isBuy": true, "qty": 241}, {"price": 7838, "isBuy": true, "qty": 239}, {"price": 7807, "isBuy": true, "qty": 8895}, {"price": 7768, "isBuy": true, "qty": 8895}, {"price": 7761, "isBuy": true, "qty": 302}, {"price": 7729, "isBuy": true, "qty": 8895}], "symbol": "TPIE", "venue": "QLECEX", "ts": "2016-04-29T23:46:43.852716158Z"}, {"ok": true, "asks": [{"price": 8299, "isBuy": false, "qty": 1104}, {"price": 8340, "isBuy": false, "qty": 1104}, {"price": 8381, "isBuy": false, "qty": 1104}], "bids": [{"price": 8258, "isBuy": true, "qty": 257}, {"price": 7995, "isBuy": true, "qty": 11}, {"price": 7934, "isBuy": true, "qty": 139}, {"price": 7838, "isBuy": true, "qty": 241}, {"price": 7838, "isBuy": true, "qty": 239}, {"price": 7807, "isBuy": true, "qty": 8895}, {"price": 7768, "isBuy": true, "qty": 8895}, {"price": 7761, "isBuy": true, "qty": 302}, {"price": 7729, "isBuy": true, "qty": 8895}], "symbol": "TPIE", "venue": "QLECEX", "ts": "2016-04-29T23:46:43.970383114Z"}, {"ok": true, "asks": [{"price": 8299, "isBuy": false, "qty": 1104}, {"price": 8340, "isBuy": false, "qty": 1104}, {"price": 8381, "isBuy": false, "qty": 1104}], "bids": [{"price": 8258, "isBuy": true, "qty": 257}, {"price": 7995, "isBuy": true, "qty": 11}, {"price": 7934, "isBuy": true, "qty": 139}, {"price": 7838, "isBuy": true, "qty": 241}, {"price": 7838, "isBuy": true, "qty": 239}, {"price": 7807, "isBuy": true, "qty": 8895}, {"price": 7768, "isBuy": true, "qty": 8895}, {"price": 7761, "isBuy": true, "qty": 302}, {"price": 7729, "isBuy": true, "qty": 8895}], "symbol": "TPIE", "venue": "QLECEX", "ts": "2016-04-29T23:46:44.026461578Z"}, {"ok": true, "asks": [{"price": 8299, "isBuy": false, "qty": 1104}, {"price": 8340, "isBuy": false, "qty": 1104}, {"price": 8381, "isBuy": false, "qty": 1104}], "bids": [{"price": 8258, "isBuy": true, "qty": 257}, {"price": 7995, "isBuy": true, "qty": 11}, {"price": 7934, "isBuy": true, "qty": 139}, {"price": 7838, "isBuy": true, "qty": 241}, {"price": 7838, "isBuy": true, "qty": 239}, {"price": 7807, "isBuy": true, "qty": 8895}, {"price": 7768, "isBuy": true, "qty": 8895}, {"price": 7761, "isBuy": true, "qty": 302}, {"price": 7729, "isBuy": true, "qty": 8895}], "symbol": "TPIE", "venue": "QLECEX", "ts": "2016-04-29T23:46:44.150017865Z"}, {"ok": true, "asks": [{"price": 8299, "isBuy": false, "qty": 1104}, {"price": 8340, "isBuy": false, "qty": 1104}, {"price": 8381, "isBuy": false, "qty": 1104}], "bids": [{"price": 8258, "isBuy": true, "qty": 257}, {"price": 7995, "isBuy": true, "qty": 11}, {"price": 7934, "isBuy": true, "qty": 139}, {"price": 7838, "isBuy": true, "qty": 241}, {"price": 7838, "isBuy": true, "qty": 239}, {"price": 7807, "isBuy": true, "qty": 8895}, {"price": 7768, "isBuy": true, "qty": 8895}, {"price": 7761, "isBuy": true, "qty": 302}, {"price": 7729, "isBuy": true, "qty": 8895}], "symbol": "TPIE", "venue": "QLECEX", "ts": "2016-04-29T23:46:44.299864687Z"}, {"ok": true, "asks": [{"price": 8299, "isBuy": false, "qty": 1104}, {"price": 8340, "isBuy": false, "qty": 1104}, {"price": 8381, "isBuy": false, "qty": 1104}], "bids": [{"price": 8258, "isBuy": true, "qty": 257}, {"price": 7995, "isBuy": true, "qty": 11}, {"price": 7934, "isBuy": true, "qty": 139}, {"price": 7838, "isBuy": true, "qty": 241}, {"price": 7838, "isBuy": true, "qty": 239}, {"price": 7807, "isBuy": true, "qty": 8895}, {"price": 7768, "isBuy": true, "qty": 8895}, {"price": 7761, "isBuy": true, "qty": 302}, {"price": 7729, "isBuy": true, "qty": 8895}], "symbol": "TPIE", "venue": "QLECEX", "ts": "2016-04-29T23:46:44.40567205Z"}, {"ok": true, "asks": [{"price": 8256, "isBuy": false, "qty": 207}, {"price": 8299, "isBuy": false, "qty": 1104}, {"price": 8340, "isBuy": false, "qty": 1104}, {"price": 8381, "isBuy": false, "qty": 1104}], "bids": [{"price": 8074, "isBuy": true, "qty": 125}, {"price": 7995, "isBuy": true, "qty": 11}, {"price": 7934, "isBuy": true, "qty": 139}, {"price": 7838, "isBuy": true, "qty": 241}, {"price": 7838, "isBuy": true, "qty": 239}, {"price": 7807, "isBuy": true, "qty": 8895}, {"price": 7768, "isBuy": true, "qty": 8895}, {"price": 7761, "isBuy": true, "qty": 302}, {"price": 7729, "isBuy": true, "qty": 8895}], "symbol": "TPIE", "venue": "QLECEX", "ts": "2016-04-29T23:46:46.555629565Z"}, {"ok": true, "asks": [{"price": 8256, "isBuy": false, "qty": 207}, {"price": 8299, "isBuy": false, "qty": 1104}, {"price": 8340, "isBuy": false, "qty": 1104}, {"price": 8381, "isBuy": false, "qty": 1104}], "bids": [{"price": 8074, "isBuy": true, "qty": 125}, {"price": 7995, "isBuy": true, "qty": 11}, {"price": 7934, "isBuy": true, "qty": 139}, {"price": 7838, "isBuy": true, "qty": 241}, {"price": 7838, "isBuy": true, "qty": 239}, {"price": 7807, "isBuy": true, "qty": 8895}, {"price": 7768, "isBuy": true, "qty": 8895}, {"price": 7761, "isBuy": true, "qty": 302}, {"price": 7729, "isBuy": true, "qty": 8895}], "symbol": "TPIE", "venue": "QLECEX", "ts": "2016-04-29T23:46:47.003403239Z"}, {"ok": true, "asks": [{"price": 8256, "isBuy": false, "qty": 207}, {"price": 8299, "isBuy": false, "qty": 1104}, {"price": 8340, "isBuy": false, "qty": 1104}, {"price": 8381, "isBuy": false, "qty": 1104}], "bids": [{"price": 8074, "isBuy": true, "qty": 125}, {"price": 7995, "isBuy": true, "qty": 11}, {"price": 7934, "isBuy": true, "qty": 139}, {"price": 7838, "isBuy": true, "qty": 241}, {"price": 7838, "isBuy": true, "qty": 239}, {"price": 7807, "isBuy": true, "qty": 8895}, {"price": 7768, "isBuy": true, "qty": 8895}, {"price": 7761, "isBuy": true, "qty": 302}, {"price": 7729, "isBuy": true, "qty": 8895}], "symbol": "TPIE", "venue": "QLECEX", "ts": "2016-04-29T23:46:47.216957672Z"}, {"ok": true, "asks": [{"price": 8256, "isBuy": false, "qty": 207}, {"price": 8299, "isBuy": false, "qty": 1104}, {"price": 8340, "isBuy": false, "qty": 1104}, {"price": 8381, "isBuy": false, "qty": 1104}], "bids": [{"price": 8074, "isBuy": true, "qty": 125}, {"price": 7995, "isBuy": true, "qty": 11}, {"price": 7934, "isBuy": true, "qty": 139}, {"price": 7838, "isBuy": true, "qty": 241}, {"price": 7838, "isBuy": true, "qty": 239}, {"price": 7807, "isBuy": true, "qty": 8895}, {"price": 7768, "isBuy": true, "qty": 8895}, {"price": 7761, "isBuy": true, "qty": 302}, {"price": 7729, "isBuy": true, "qty": 8895}], "symbol": "TPIE", "venue": "QLECEX", "ts": "2016-04-29T23:46:47.325014739Z"}, {"ok": true, "asks": [{"price": 8256, "isBuy": false, "qty": 207}, {"price": 8299, "isBuy": false, "qty": 1104}, {"price": 8340, "isBuy": false, "qty": 1104}, {"price": 8381, "isBuy": false, "qty": 1104}], "bids": [{"price": 8074, "isBuy": true, "qty": 135}, {"price": 7995, "isBuy": true, "qty": 11}, {"price": 7934, "isBuy": true, "qty": 139}, {"price": 7838, "isBuy": true, "qty": 241}, {"price": 7838, "isBuy": true, "qty": 239}, {"price": 7807, "isBuy": true, "qty": 8895}, {"price": 7768, "isBuy": true, "qty": 8895}, {"price": 7761, "isBuy": true, "qty": 302}, {"price": 7729, "isBuy": true, "qty": 8895}], "symbol": "TPIE", "venue": "QLECEX", "ts": "2016-04-29T23:46:47.544831583Z"}, {"ok": true, "asks": [{"price": 8256, "isBuy": false, "qty": 207}, {"price": 8299, "isBuy": false, "qty": 1104}, {"price": 8340, "isBuy": false, "qty": 1104}, {"price": 8381, "isBuy": false, "qty": 1104}], "bids": [{"price": 8074, "isBuy": true, "qty": 135}, {"price": 7995, "isBuy": true, "qty": 11}, {"price": 7934, "isBuy": true, "qty": 139}, {"price": 7838, "isBuy": true, "qty": 241}, {"price": 7838, "isBuy": true, "qty": 239}, {"price": 7807, "isBuy": true, "qty": 8895}, {"price": 7768, "isBuy": true, "qty": 8895}, {"price": 7761, "isBuy": true, "qty": 302}, {"price": 7729, "isBuy": true, "qty": 8895}], "symbol": "TPIE", "venue": "QLECEX", "ts": "2016-04-29T23:46:47.639492892Z"}, {"ok": true, "asks": [{"price": 8256, "isBuy": false, "qty": 207}, {"price": 8299, "isBuy": false, "qty": 1104}, {"price": 8340, "isBuy": false, "qty": 1104}, {"price": 8381, "isBuy": false, "qty": 1104}], "bids": [{"price": 8074, "isBuy": true, "qty": 135}, {"price": 7995, "isBuy": true, "qty": 11}, {"price": 7934, "isBuy": true, "qty": 139}, {"price": 7838, "isBuy": true, "qty": 241}, {"price": 7838, "isBuy": true, "qty": 239}, {"price": 7807, "isBuy": true, "qty": 8895}, {"price": 7768, "isBuy": true, "qty": 8895}, {"price": 7761, "isBuy": true, "qty": 302}, {"price": 7729, "isBuy": true, "qty": 8895}], "symbol": "TPIE", "venue": "QLECEX", "ts": "2016-04-29T23:46:47.737526979Z"}, {"ok": true, "asks": [{"price": 8256, "isBuy": false, "qty": 207}, {"price": 8299, "isBuy": false, "qty": 1104}, {"price": 8340, "isBuy": false, "qty": 1104}, {"price": 8381, "isBuy": false, "qty": 1104}], "bids": [{"price": 8074, "isBuy": true, "qty": 135}, {"price": 7995, "isBuy": true, "qty": 11}, {"price": 7934, "isBuy": true, "qty": 139}, {"price": 7838, "isBuy": true, "qty": 241}, {"price": 7838, "isBuy": true, "qty": 239}, {"price": 7807, "isBuy": true, "qty": 8895}, {"price": 7768, "isBuy": true, "qty": 8895}, {"price": 7761, "isBuy": true, "qty": 302}, {"price": 7729, "isBuy": true, "qty": 8895}], "symbol": "TPIE", "venue": "QLECEX", "ts": "2016-04-29T23:46:47.83833556Z"}, {"ok": true, "asks": [{"price": 8216, "isBuy": false, "qty": 232}, {"price": 8256, "isBuy": false, "qty": 207}, {"price": 8299, "isBuy": false, "qty": 1104}, {"price": 8340, "isBuy": false, "qty": 1104}, {"price": 8381, "isBuy": false, "qty": 1104}], "bids": [{"price": 8074, "isBuy": true, "qty": 135}, {"price": 7995, "isBuy": true, "qty": 11}, {"price": 7934, "isBuy": true, "qty": 139}, {"price": 7838, "isBuy": true, "qty": 241}, {"price": 7838, "isBuy": true, "qty": 239}, {"price": 7807, "isBuy": true, "qty": 8895}, {"price": 7768, "isBuy": true, "qty": 8895}, {"price": 7761, "isBuy": true, "qty": 302}, {"price": 7729, "isBuy": true, "qty": 8895}], "symbol": "TPIE", "venue": "QLECEX", "ts": "2016-04-29T23:46:48.542293762Z"}, {"ok": true, "asks": [{"price": 4798, "isBuy": false, "qty": 116674}, {"price": 7887, "isBuy": false, "qty": 3772}, {"price": 7926, "isBuy": false, "qty": 3772}, {"price": 7965, "isBuy": false, "qty": 3772}, {"price": 8216, "isBuy": false, "qty": 232}, {"price": 8256, "isBuy": false, "qty": 207}], "bids": null, "symbol": "TPIE", "venue": "QLECEX", "ts": "2016-04-29T23:46:49.874576927Z"}, {"ok": true, "asks": [{"price": 4798, "isBuy": false, "qty": 116674}, {"price": 7887, "isBuy": false, "qty": 3772}, {"price": 7926, "isBuy": false, "qty": 3772}, {"price": 7965, "isBuy": false, "qty": 3772}, {"price": 8216, "isBuy": false, "qty": 232}, {"price": 8256, "isBuy": false, "qty": 207}], "bids": null, "symbol": "TPIE", "venue": "QLECEX", "ts": "2016-04-29T23:46:50.117494918Z"}, {"ok": true, "asks": [{"price": 4798, "isBuy": false, "qty": 116674}, {"price": 7887, "isBuy": false, "qty": 3772}, {"price": 7926, "isBuy": false, "qty": 3772}, {"price": 7965, "isBuy": false, "qty": 3772}, {"price": 8216, "isBuy": false, "qty": 232}], "bids": null, "symbol": "TPIE", "venue": "QLECEX", "ts": "2016-04-29T23:46:50.317398506Z"}]