[{"ok": true, "asks": [{"price": 2630, "isBuy": false, "qty": 4992}, {"price": 2643, "isBuy": false, "qty": 4992}, {"price": 2656, "isBuy": false, "qty": 4992}], "bids": [{"price": 2471, "isBuy": true, "qty": 4821}, {"price": 2459, "isBuy": true, "qty": 4821}, {"price": 2447, "isBuy": true, "qty": 4821}], "symbol": "OZV", "venue": "XWGEX", "ts": "2016-04-27T02:46:48.904674304Z"}, {"ok": true, "asks": [{"price": 2590, "isBuy": false, "qty": 734}, {"price": 2678, "isBuy": false, "qty": 5168}, {"price": 2691, "isBuy": false, "qty": 5168}, {"price": 2704, "isBuy": false, "qty": 5168}], "bids": [{"price": 2508, "isBuy": true, "qty": 30}], "symbol": "OZV", "venue": "XWGEX", "ts": "2016-04-27T02:46:53.506012496Z"}, {"ok": true, "asks": [{"price": 2590, "isBuy": false, "qty": 734}, {"price": 2678, "isBuy": false, "qty": 5168}, {"price": 2691, "isBuy": false, "qty": 5168}, {"price": 2704, "isBuy": false, "qty": 5168}], "bids": [{"price": 2508, "isBuy": true, "qty": 30}], "symbol": "OZV", "venue": "XWGEX", "ts": "2016-04-27T02:46:53.602436121Z"}, {"ok": true, "asks": [{"price": 2678, "isBuy": false, "qty": 5168}, {"price": 2691, "isBuy": false, "qty": 5168}, {"price": 2704, "isBuy": false, "qty": 5168}], "bids": [{"price": 2508, "isBuy": true, "qty": 30}], "symbol": "OZV", "venue": "XWGEX", "ts": "2016-04-27T02:46:54.234409569Z"}, {"ok": true, "asks": [{"price": 2624, "isBuy": false, "qty": 734}, {"price": 2678, "isBuy": false, "qty": 5168}, {"price": 2691, "isBuy": false, "qty": 5168}, {"price": 2704, "isBuy": false, "qty": 5168}], "bids": null, "symbol": "OZV", "venue": "XWGEX", "ts": "2016-04-27T02:46:55.749812948Z"}, {"ok": true, "asks": [{"price": 2624, "isBuy": false, "qty": 734}, {"price": 2678, "isBuy": false, "qty": 5168}, {"price": 2691, "isBuy": false, "qty": 5168}, {"price": 2704, "isBuy": false, "qty": 5168}], "bids": null, "symbol": "OZV", "venue": "XWGEX", "ts": "2016-04-27T02:46:56.052323355Z"}, {"ok": true, "asks": [{"price": 2624, "isBuy": false, "qty": 734}, {"price": 2678, "isBuy": false, "qty": 5168}, {"price": 2691, "isBuy": false, "qty": 5168}, {"price": 2704, "isBuy": false, "qty": 5168}], "bids": null, "symbol": "OZV", "venue": "XWGEX", "ts": "2016-04-27T02:46:57.281392043Z"}, {"ok": true, "asks": [{"price": 2736, "isBuy": false, "qty": 5152}, {"price": 2749, "isBuy": false, "qty": 5152}], "bids": null, "symbol": "OZV", "venue": "XWGEX", "ts": "2016-04-27T02:47:02.601441167Z"}, {"ok": true, "asks": [{"price": 2624, "isBuy": false, "qty": 367}, {"price": 2723, "isBuy": false, "qty": 5152}, {"price": 2736, "isBuy": false, "qty": 5152}, {"price": 2749, "isBuy": false, "qty": 5152}], "bids": null, "symbol": "OZV", "venue": "XWGEX", "ts": "2016-04-27T02:47:03.923702238Z"}, {"ok": true, "asks": [{"price": 2624, "isBuy": false, "qty": 367}, {"price": 2723, "isBuy": false, "qty": 5152}, {"price": 2736, "isBuy": false, "qty": 5152}, {"price": 2749, "isBuy": false, "qty": 5152}], "bids": null, "symbol": "OZV", "venue": "XWGEX", "ts": "2016-04-27T02:47:04.225796777Z"}, {"ok": true, "asks": [{"price": 2668, "isBuy": false, "qty": 367}, {"price": 2723, "isBuy": false, "qty": 5152}, {"price": 2736, "isBuy": false, "qty": 5152}, {"price": 2749, "isBuy": false, "qty": 5152}], "bids": null, "symbol": "OZV", "venue": "XWGEX", "ts": "2016-04-27T02:47:07.127649174Z"}, {"ok": true, "asks": [{"price": 2668, "isBuy": false, "qty": 367}, {"price": 2723, "isBuy": false, "qty": 5152}, {"price": 2736, "isBuy": false, "qty": 5152}, {"price": 2749, "isBuy": false, "qty": 5152}], "bids": null, "symbol": "OZV", "venue": "XWGEX", "ts": "2016-04-27T02:47:07.201025822Z"}, {"ok": true, "asks": null, "bids": [{"price": 3505, "isBuy": true, "qty": 161827}, {"price": 2507, "isBuy": true, "qty": 6433}, {"price": 2495, "isBuy": true, "qty": 6433}, {"price": 2483, "isBuy": true, "qty": 6433}], "symbol": "OZV", "venue": "XWGEX", "ts": "2016-04-27T02:47:10.361374835Z"}, {"ok": true, "asks": null, "bids": [{"price": 2557, "isBuy": true, "qty": 815}, {"price": 2543, "isBuy": true, "qty": 6447}, {"price": 2531, "isBuy": true, "qty": 6447}, {"price": 2519, "isBuy": true, "qty": 6447}], "symbol": "OZV", "venue": "XWGEX", "ts": "2016-04-27T02:47:13.530992182Z"}, {"ok": true, "asks": null, "bids": [{"price": 2557, "isBuy": true, "qty": 815}, {"price": 2543, "isBuy": true, "qty": 6447}, {"price": 2531, "isBuy": true, "qty": 6447}, {"price": 2519, "isBuy": true, "qty": 6447}], "symbol": "OZV", "venue": "XWGEX", "ts": "2016-04-27T02:47:14.092862262Z"}, {"ok": true, "asks": null, "bids": [{"price": 2557, "isBuy": true, "qty": 815}, {"price": 2543, "isBuy": true, "qty": 6447}, {"price": 2531, "isBuy": true, "qty": 6447}, {"price": 2519, "isBuy": true, "qty": 6447}], "symbol": "OZV", "venue": "XWGEX", "ts": "2016-04-27T02:47:14.893446224Z"}, {"ok": true, "asks": null, "bids": [{"price": 2557, "isBuy": true, "qty": 815}, {"price": 2543, "isBuy": true, "qty": 6447}, {"price": 2531, "isBuy": true, "qty": 6447}, {"price": 2519, "isBuy": true, "qty": 6447}], "symbol": "OZV", "venue": "XWGEX", "ts": "2016-04-27T02:47:16.513668364Z"}, {"ok": true, "asks": [{"price": 2720, "isBuy": false, "qty": 101}, {"price": 2733, "isBuy": false, "qty": 231}], "bids": [{"price": 2593, "isBuy": true, "qty": 168}, {"price": 2557, "isBuy": true, "qty": 815}], "symbol": "OZV", "venue": "XWGEX", "ts": "2016-04-27T02:47:17.512743346Z"}, {"ok": true, "asks": [{"price": 2707, "isBuy": false, "qty": 3748}, {"price": 2720, "isBuy": false, "qty": 3517}, {"price": 2733, "isBuy": false, "qty": 3517}], "bids": [{"price": 2681, "isBuy": true, "qty": 6251}, {"price": 2668, "isBuy": true, "qty": 6251}, {"price": 2655, "isBuy": true, "qty": 6251}, {"price": 2593, "isBuy": true, "qty": 168}, {"price": 2557, "isBuy": true, "qty": 815}], "symbol": "OZV", "venue": "XWGEX", "ts": "2016-04-27T02:47:18.014239202Z"}, {"ok": true, "asks": [{"price": 2707, "isBuy": false, "qty": 3748}, {"price": 2720, "isBuy": false, "qty": 3517}, {"price": 2733, "isBuy": false, "qty": 3517}], "bids": [{"price": 2681, "isBuy": true, "qty": 6251}, {"price": 2668, "isBuy": true, "qty": 6251}, {"price": 2655, "isBuy": true, "qty": 6251}, {"price": 2593, "isBuy": true, "qty": 168}, {"price": 2557, "isBuy": true, "qty": 815}], "symbol": "OZV", "venue": "XWGEX", "ts": "2016-04-27T02:47:18.287455795Z"}, {"ok": true, "asks": [{"price": 2707, "isBuy": false, "qty": 3748}, {"price": 2720, "isBuy": false, "qty": 3517}, {"price": 2733, "isBuy": false, "qty": 3517}], "bids": [{"price": 2681, "isBuy": true, "qty": 6251}, {"price": 2668, "isBuy": true, "qty": 6251}, {"price": 2655, "isBuy": true, "qty": 6251}, {"price": 2593, "isBuy": true, "qty": 168}, {"price": 2557, "isBuy": true, "qty": 815}], "symbol": "OZV", "venue": "XWGEX", "ts": "2016-04-27T02:47:19.803053867Z"}, {"ok": true, "asks": [{"price": 2707, "isBuy": false, "qty": 3748}, {"price": 2720, "isBuy": false, "qty": 3517}, {"price": 2733, "isBuy": false, "qty": 3517}], "bids": [{"price": 2681, "isBuy": true, "qty": 6251}, {"price": 2668, "isBuy": true, "qty": 6251}, {"price": 2655, "isBuy": true, "qty": 6251}, {"price": 2593, "isBuy": true, "qty": 168}, {"price": 2557, "isBuy": true, "qty": 815}], "symbol": "OZV", "venue": "XWGEX", "ts": "2016-04-27T02:47:20.080098648Z"}, {"ok": true, "asks": [{"price": 2707, "isBuy": false, "qty": 3748}, {"price": 2720, "isBuy": false, "qty": 3517}, {"price": 2733, "isBuy": false, "qty": 3517}], "bids": [{"price": 2681, "isBuy": true, "qty": 5948}, {"price": 2668, "isBuy": true, "qty": 6251}, {"price": 2655, "isBuy": true, "qty": 6251}, {"price": 2593, "isBuy": true, "qty": 168}, {"price": 2557, "isBuy": true, "qty": 815}], "symbol": "OZV", "venue": "XWGEX", "ts": "2016-04-27T02:47:21.090849673Z"}, {"ok": true, "asks": [{"price": 2707, "isBuy": false, "qty": 3748}, {"price": 2720, "isBuy": false, "qty": 3517}, {"price": 2733, "isBuy": false, "qty": 3517}], "bids": [{"price": 2681, "isBuy": true, "qty": 5948}, {"price": 2668, "isBuy": true, "qty": 6251}, {"price": 2655, "isBuy": true, "qty": 6251}, {"price": 2593, "isBuy": true, "qty": 168}, {"price": 2557, "isBuy": true, "qty": 815}], "symbol": "OZV", "venue": "XWGEX", "ts": "2016-04-27T02:47:21.641299483Z"}, {"ok": true, "asks": [{"price": 2707, "isBuy": false, "qty": 3748}, {"price": 2720, "isBuy": false, "qty": 3517}, {"price": 2733, "isBuy": false, "qty": 3517}], "bids": [{"price": 2681, "isBuy": true, "qty": 5948}, {"price": 2668, "isBuy": true, "qty": 6251}, {"price": 2655, "isBuy": true, "qty": 6251}, {"price": 2593, "isBuy": true, "qty": 168}, {"price": 2557, "isBuy": true, "qty": 815}], "symbol": "OZV", "venue": "XWGEX", "ts": "2016-04-27T02:47:21.992598264Z"}, {"ok": true, "asks": [{"price": 2466, "isBuy": false, "qty": 3122}, {"price": 2478, "isBuy": false, "qty": 3831}, {"price": 2490, "isBuy": false, "qty": 3831}], "bids": [{"price": 2442, "isBuy": true, "qty": 6168}, {"price": 2430, "isBuy": true, "qty": 6168}, {"price": 2418, "isBuy": true, "qty": 6168}], "symbol": "OZV", "venue": "XWGEX", "ts": "2016-04-27T02:47:24.467506038Z"}, {"ok": true, "asks": [{"price": 2685, "isBuy": false, "qty": 3231}, {"price": 2698, "isBuy": false, "qty": 3231}, {"price": 2711, "isBuy": false, "qty": 3231}], "bids": null, "symbol": "OZV", "venue": "XWGEX", "ts": "2016-04-27T02:47:27.504843611Z"}, {"ok": true, "asks": [{"price": 2644, "isBuy": false, "qty": 998}, {"price": 2685, "isBuy": false, "qty": 3231}, {"price": 2698, "isBuy": false, "qty": 3231}, {"price": 2711, "isBuy": false, "qty": 3231}], "bids": null, "symbol": "OZV", "venue": "XWGEX", "ts": "2016-04-27T02:47:31.201699106Z"}, {"ok": true, "asks": [{"price": 2644, "isBuy": false, "qty": 998}, {"price": 2685, "isBuy": false, "qty": 3231}, {"price": 2698, "isBuy": false, "qty": 3231}, {"price": 2711, "isBuy": false, "qty": 3231}], "bids": null, "symbol": "OZV", "venue": "XWGEX", "ts": "2016-04-27T02:47:31.688771513Z"}, {"ok": true, "asks": [{"price": 2470, "isBuy": false, "qty": 2733}, {"price": 2482, "isBuy": false, "qty": 2733}, {"price": 2644, "isBuy": false, "qty": 998}], "bids": [{"price": 2434, "isBuy": true, "qty": 6883}, {"price": 2422, "isBuy": true, "qty": 6883}, {"price": 2410, "isBuy": true, "qty": 6883}], "symbol": "OZV", "venue": "XWGEX", "ts": "2016-04-27T02:47:33.024250135Z"}, {"ok": true, "asks": [{"price": 2470, "isBuy": false, "qty": 2733}, {"price": 2482, "isBuy": false, "qty": 2733}, {"price": 2631, "isBuy": false, "qty": 499}, {"price": 2644, "isBuy": false, "qty": 998}], "bids": [{"price": 2434, "isBuy": true, "qty": 6883}, {"price": 2422, "isBuy": true, "qty": 6883}, {"price": 2410, "isBuy": true, "qty": 6883}], "symbol": "OZV", "venue": "XWGEX", "ts": "2016-04-27T02:47:34.536741659Z"}, {"ok": true, "asks": [{"price": 2470, "isBuy": false, "qty": 2733}, {"price": 2482, "isBuy": false, "qty": 2733}, {"price": 2631, "isBuy": false, "qty": 499}, {"price": 2644, "isBuy": false, "qty": 998}], "bids": [{"price": 2434, "isBuy": true, "qty": 6883}, {"price": 2422, "isBuy": true, "qty": 6883}, {"price": 2410, "isBuy": true, "qty": 6883}], "symbol": "OZV", "venue": "XWGEX", "ts": "2016-04-27T02:47:34.816202745Z"}, {"ok": true, "asks": [{"price": 2470, "isBuy": false, "qty": 2733}, {"price": 2482, "isBuy": false, "qty": 2733}, {"price": 2631, "isBuy": false, "qty": 499}, {"price": 2644, "isBuy": false, "qty": 998}], "bids": [{"price": 2434, "isBuy": true, "qty": 6883}, {"price": 2422, "isBuy": true, "qty": 6883}, {"price": 2410, "isBuy": true, "qty": 6883}], "symbol": "OZV", "venue": "XWGEX", "ts": "2016-04-27T02:47:35.060364872Z"}, {"ok": true, "asks": [{"price": 2470, "isBuy": false, "qty": 2733}, {"price": 2482, "isBuy": false, "qty": 2733}, {"price": 2631, "isBuy": false, "qty": 499}, {"price": 2644, "isBuy": false, "qty": 998}], "bids": [{"price": 2434, "isBuy": true, "qty": 6883}, {"price": 2422, "isBuy": true, "qty": 6883}, {"price": 2410, "isBuy": true, "qty": 6883}], "symbol": "OZV", "venue": "XWGEX", "ts": "2016-04-27T02:47:36.181379841Z"}, {"ok": true, "asks": [{"price": 2470, "isBuy": false, "qty": 2733}, {"price": 2482, "isBuy": false, "qty": 2733}, {"price": 2631, "isBuy": false, "qty": 499}, {"price": 2644, "isBuy": false, "qty": 998}], "bids": [{"price": 2434, "isBuy": true, "qty": 6883}, {"price": 2422, "isBuy": true, "qty": 6883}, {"price": 2410, "isBuy": true, "qty": 6883}], "symbol": "OZV", "venue": "XWGEX", "ts": "2016-04-27T02:47:36.350403672Z"}, {"ok": true, "asks": [{"price": 2597, "isBuy": false, "qty": 2588}, {"price": 2609, "isBuy": false, "qty": 2588}, {"price": 2621, "isBuy": false, "qty": 2588}, {"price": 2631, "isBuy": false, "qty": 499}, {"price": 2644, "isBuy": false, "qty": 998}], "bids": null, "symbol": "OZV", "venue": "XWGEX", "ts": "2016-04-27T02:47:37.4912104Z"}, {"ok": true, "asks": [{"price": 2597, "isBuy": false, "qty": 2588}, {"price": 2609, "isBuy": false, "qty": 2588}, {"price": 2621, "isBuy": false, "qty": 2588}, {"price": 2631, "isBuy": false, "qty": 499}, {"price": 2644, "isBuy": false, "qty": 998}], "bids": null, "symbol": "OZV", "venue": "XWGEX", "ts": "2016-04-27T02:47:37.686769848Z"}, {"ok": true, "asks": [{"price": 2597, "isBuy": false, "qty": 2588}, {"price": 2609, "isBuy": false, "qty": 2588}, {"price": 2621, "isBuy": false, "qty": 2588}, {"price": 2631, "isBuy": false, "qty": 499}, {"price": 2644, "isBuy": false, "qty": 998}], "bids": null, "symbol": "OZV", "venue": "XWGEX", "ts": "2016-04-27T02:47:37.849516314Z"}, {"ok": true, "asks": [{"price": 2597, "isBuy": false, "qty": 2588}, {"price": 2609, "isBuy": false, "qty": 2588}, {"price": 2621, "isBuy": false, "qty": 2588}, {"price": 2631, "isBuy": false, "qty": 499}, {"price": 2644, "isBuy": false, "qty": 998}], "bids": null, "symbol": "OZV", "venue": "XWGEX", "ts": "2016-04-27T02:47:39.431023285Z"}, {"ok": true, "asks": [{"price": 2597, "isBuy": false, "qty": 2588}, {"price": 2609, "isBuy": false, "qty": 2588}, {"price": 2621, "isBuy": false, "qty": 2588}, {"price": 2631, "isBuy": false, "qty": 499}, {"price": 2644, "isBuy": false, "qty": 998}], "bids": null, "symbol": "OZV", "venue": "XWGEX", "ts": "2016-04-27T02:47:39.5990841Z"}, {"ok": true, "asks": [{"price": 2597, "isBuy": false, "qty": 2588}, {"price": 2609, "isBuy": false, "qty": 2588}, {"price": 2621, "isBuy": false, "qty": 2588}, {"price": 2631, "isBuy": false, "qty": 499}, {"price": 2644, "isBuy": false, "qty": 998}], "bids": null, "symbol": "OZV", "venue": "XWGEX", "ts": "2016-04-27T02:47:40.819968201Z"}, {"ok": true, "asks": [{"price": 2597, "isBuy": false, "qty": 2588}, {"price": 2609, "isBuy": false, "qty": 2588}, {"price": 2621, "isBuy": false, "qty": 2588}, {"price": 2631, "isBuy": false, "qty": 499}, {"price": 2644, "isBuy": false, "qty": 998}], "bids": null, "symbol": "OZV", "venue": "XWGEX", "ts": "2016-04-27T02:47:40.969826918Z"}, {"ok": true, "asks": [{"price": 2597, "isBuy": false, "qty": 2588}, {"price": 2609, "isBuy": false, "qty": 2588}, {"price": 2621, "isBuy": false, "qty": 2588}, {"price": 2631, "isBuy": false, "qty": 499}, {"price": 2644, "isBuy": false, "qty": 998}], "bids": null, "symbol": "OZV", "venue": "XWGEX", "ts": "2016-04-27T02:47:41.138883595Z"}, {"ok": true, "asks": [{"price": 2593, "isBuy": false, "qty": 2554}, {"price": 2605, "isBuy": false, "qty": 2554}, {"price": 2617, "isBuy": false, "qty": 2554}, {"price": 2631, "isBuy": false, "qty": 499}, {"price": 2644, "isBuy": false, "qty": 998}], "bids": [{"price": 2509, "isBuy": true, "qty": 381}, {"price": 2508, "isBuy": true, "qty": 7445}, {"price": 2496, "isBuy": true, "qty": 7445}, {"price": 2484, "isBuy": true, "qty": 7445}, {"price": 2466, "isBuy": true, "qty": 68}], "symbol": "OZV", "venue": "XWGEX", "ts": "2016-04-27T02:47:42.495459901Z"}, {"ok": true, "asks": [{"price": 2593, "isBuy": false, "qty": 2554}, {"price": 2605, "isBuy": false, "qty": 2554}, {"price": 2617, "isBuy": false, "qty": 2554}, {"price": 2631, "isBuy": false, "qty": 499}, {"price": 2644, "isBuy": false, "qty": 998}], "bids": [{"price": 2509, "isBuy": true, "qty": 381}, {"price": 2508, "isBuy": true, "qty": 7445}, {"price": 2496, "isBuy": true, "qty": 7445}, {"price": 2484, "isBuy": true, "qty": 7445}, {"price": 2466, "isBuy": true, "qty": 68}], "symbol": "OZV", "venue": "XWGEX", "ts": "2016-04-27T02:47:42.654767558Z"}, {"ok": true, "asks": [{"price": 2593, "isBuy": false, "qty": 2554}, {"price": 2605, "isBuy": false, "qty": 2554}, {"price": 2617, "isBuy": false, "qty": 2554}, {"price": 2631, "isBuy": false, "qty": 499}, {"price": 2644, "isBuy": false, "qty": 998}], "bids": [{"price": 2509, "isBuy": true, "qty": 381}, {"price": 2508, "isBuy": true, "qty": 7445}, {"price": 2496, "isBuy": true, "qty": 7445}, {"price": 2484, "isBuy": true, "qty": 7445}, {"price": 2466, "isBuy": true, "qty": 68}], "symbol": "OZV", "venue": "XWGEX", "ts": "2016-04-27T02:47:44.175748665Z"}, {"ok": true, "asks": [{"price": 2593, "isBuy": false, "qty": 2554}, {"price": 2605, "isBuy": false, "qty": 2554}, {"price": 2617, "isBuy": false, "qty": 2554}, {"price": 2631, "isBuy": false, "qty": 499}, {"price": 2644, "isBuy": false, "qty": 998}], "bids": [{"price": 2509, "isBuy": true, "qty": 381}, {"price": 2508, "isBuy": true, "qty": 7445}, {"price": 2496, "isBuy": true, "qty": 7445}, {"price": 2484, "isBuy": true, "qty": 7445}, {"price": 2466, "isBuy": true, "qty": 68}], "symbol": "OZV", "venue": "XWGEX", "ts": "2016-04-27T02:47:44.486845065Z"}, {"ok": true, "asks": [{"price": 2593, "isBuy": false, "qty": 2554}, {"price": 2605, "isBuy": false, "qty": 2554}, {"price": 2617, "isBuy": false, "qty": 2554}, {"price": 2631, "isBuy": false, "qty": 499}, {"price": 2644, "isBuy": false, "qty": 998}], "bids": [{"price": 2509, "isBuy": true, "qty": 381}, {"price": 2508, "isBuy": true, "qty": 7445}, {"price": 2496, "isBuy": true, "qty": 7445}, {"price": 2484, "isBuy": true, "qty": 7445}, {"price": 2466, "isBuy": true, "qty": 68}], "symbol": "OZV", "venue": "XWGEX", "ts": "2016-04-27T02:47:44.539549835Z"}, {"ok": true, "asks": [{"price": 2593, "isBuy": false, "qty": 2554}, {"price": 2605, "isBuy": false, "qty": 2554}, {"price": 2617, "isBuy": false, "qty": 2554}, {"price": 2631, "isBuy": false, "qty": 499}, {"price": 2644, "isBuy": false, "qty": 998}], "bids": [{"price": 2509, "isBuy": true, "qty": 381}, {"price": 2508, "isBuy": true, "qty": 7445}, {"price": 2496, "isBuy": true, "qty": 7445}, {"price": 2484, "isBuy": true, "qty": 7445}, {"price": 2466, "isBuy": true, "qty": 68}], "symbol": "OZV", "venue": "XWGEX", "ts": "2016-04-27T02:47:45.833183745Z"}, {"ok": true, "asks": [{"price": 2593, "isBuy": false, "qty": 2554}, {"price": 2605, "isBuy": false, "qty": 2554}, {"price": 2617, "isBuy": false, "qty": 2554}, {"price": 2631, "isBuy": false, "qty": 499}, {"price": 2644, "isBuy": false, "qty": 998}], "bids": [{"price": 2509, "isBuy": true, "qty": 381}, {"price": 2508, "isBuy": true, "qty": 7445}, {"price": 2496, "isBuy": true, "qty": 7445}, {"price": 2484, "isBuy": true, "qty": 7445}, {"price": 2466, "isBuy": true, "qty": 68}], "symbol": "OZV", "venue": "XWGEX", "ts": "2016-04-27T02:47:46.320678015Z"}, {"ok": true, "asks": [{"price": 1492, "isBuy": false, "qty": 360288}, {"price": 2592, "isBuy": false, "qty": 4788}, {"price": 2604, "isBuy": false, "qty": 4788}, {"price": 2616, "isBuy": false, "qty": 4788}, {"price": 2631, "isBuy": false, "qty": 499}, {"price": 2644, "isBuy": false, "qty": 998}], "bids": [{"price": 1457, "isBuy": true, "qty": 5211}], "symbol": "OZV", "venue": "XWGEX", "ts": "2016-04-27T02:47:47.658585009Z"}, {"ok": true, "asks": [{"price": 1492, "isBuy": false, "qty": 360288}, {"price": 2592, "isBuy": false, "qty": 4788}, {"price": 2604, "isBuy": false, "qty": 4788}, {"price": 2616, "isBuy": false, "qty": 4788}, {"price": 2631, "isBuy": false, "qty": 499}, {"price": 2644, "isBuy": false, "qty": 998}], "bids": [{"price": 1457, "isBuy": true, "qty": 5211}], "symbol": "OZV", "venue": "XWGEX", "ts": "2016-04-27T02:47:47.743221785Z"}, {"ok": true, "asks": [{"price": 1492, "isBuy": false, "qty": 360288}, {"price": 2592, "isBuy": false, "qty": 4788}, {"price": 2604, "isBuy": false, "qty": 4788}, {"price": 2616, "isBuy": false, "qty": 4788}, {"price": 2631, "isBuy": false, "qty": 499}, {"price": 2644, "isBuy": false, "qty": 998}], "bids": [{"price": 1457, "isBuy": true, "qty": 5211}], "symbol": "OZV", "venue": "XWGEX", "ts": "2016-04-27T02:47:48.148807438Z"}, {"ok": true, "asks": [{"price": 1492, "isBuy": false, "qty": 360288}, {"price": 2592, "isBuy": false, "qty": 4788}, {"price": 2604, "isBuy": false, "qty": 4788}, {"price": 2616, "isBuy": false, "qty": 4788}, {"price": 2631, "isBuy": false, "qty": 499}, {"price": 2644, "isBuy": false, "qty": 998}], "bids": [{"price": 1457, "isBuy": true, "qty": 5211}], "symbol": "OZV", "venue": "XWGEX", "ts": "2016-04-27T02:47:49.637987587Z"}, {"ok": true, "asks": [{"price": 1492, "isBuy": false, "qty": 360288}, {"price": 2592, "isBuy": false, "qty": 4788}, {"price": 2604, "isBuy": false, "qty": 4788}, {"price": 2616, "isBuy": false, "qty": 4788}, {"price": 2631, "isBuy": false, "qty": 499}, {"price": 2644, "isBuy": false, "qty": 998}], "bids": [{"price": 1457, "isBuy": true, "qty": 5211}], "symbol": "OZV", "venue": "XWGEX", "ts": "2016-04-27T02:47:49.804613477Z"}, {"ok": true, "asks": [{"price": 1492, "isBuy": false, "qty": 360288}, {"price": 2540, "isBuy": false, "qty": 249}, {"price": 2592, "isBuy": false, "qty": 4788}, {"price": 2604, "isBuy": false, "qty": 4788}, {"price": 2616, "isBuy": false, "qty": 4788}, {"price": 2631, "isBuy": false, "qty": 499}, {"price": 2644, "isBuy": false, "qty": 998}], "bids": [{"price": 1457, "isBuy": true, "qty": 5211}], "symbol": "OZV", "venue": "XWGEX", "ts": "2016-04-27T02:47:51.159448869Z"}, {"ok": true, "asks": [{"price": 1492, "isBuy": false, "qty": 360288}, {"price": 2540, "isBuy": false, "qty": 249}, {"price": 2592, "isBuy": false, "qty": 4788}, {"price": 2604, "isBuy": false, "qty": 4788}, {"price": 2616, "isBuy": false, "qty": 4788}, {"price": 2631, "isBuy": false, "qty": 499}, {"price": 2644, "isBuy": false, "qty": 998}], "bids": [{"price": 1457, "isBuy": true, "qty": 5211}], "symbol": "OZV", "venue": "XWGEX", "ts": "2016-04-27T02:47:51.321362793Z"}, {"ok": true, "asks": [{"price": 1492, "isBuy": false, "qty": 360288}, {"price": 2540, "isBuy": false, "qty": 249}, {"price": 2592, "isBuy": false, "qty": 4788}, {"price": 2604, "isBuy": false, "qty": 4788}, {"price": 2616, "isBuy": false, "qty": 4788}, {"price": 2631, "isBuy": false, "qty": 499}, {"price": 2644, "isBuy": false, "qty": 998}], "bids": [{"price": 1457, "isBuy": true, "qty": 5211}], "symbol": "OZV", "venue": "XWGEX", "ts": "2016-04-27T02:47:51.49623925Z"}, {"ok": true, "asks": [{"price": 1492, "isBuy": false, "qty": 360288}, {"price": 2540, "isBuy": false, "qty": 249}, {"price": 2592, "isBuy": false, "qty": 4788}, {"price": 2604, "isBuy": false, "qty": 4788}, {"price": 2616, "isBuy": false, "qty": 4788}, {"price": 2631, "isBuy": false, "qty": 499}, {"price": 2644, "isBuy": false, "qty": 998}], "bids": [{"price": 1457, "isBuy": true, "qty": 5211}], "symbol": "OZV", "venue": "XWGEX", "ts": "2016-04-27T02:47:51.627256962Z"}, {"ok": true, "asks": [{"price": 2631, "isBuy": false, "qty": 141}, {"price": 2644, "isBuy": false, "qty": 998}, {"price": 2650, "isBuy": false, "qty": 4837}, {"price": 2663, "isBuy": false, "qty": 4837}, {"price": 2676, "isBuy": false, "qty": 4837}], "bids": null, "symbol": "OZV", "venue": "XWGEX", "ts": "2016-04-27T02:47:52.859551304Z"}, {"ok": true, "asks": [{"price": 2631, "isBuy": false, "qty": 141}, {"price": 2644, "isBuy": false, "qty": 998}, {"price": 2650, "isBuy": false, "qty": 4837}, {"price": 2663, "isBuy": false, "qty": 4837}, {"price": 2676, "isBuy": false, "qty": 4837}], "bids": null, "symbol": "OZV", "venue": "XWGEX", "ts": "2016-04-27T02:47:53.032583107Z"}, {"ok": true, "asks": [{"price": 2631, "isBuy": false, "qty": 141}, {"price": 2644, "isBuy": false, "qty": 998}, {"price": 2650, "isBuy": false, "qty": 4837}, {"price": 2663, "isBuy": false, "qty": 4837}, {"price": 2676, "isBuy": false, "qty": 4837}], "bids": null, "symbol": "OZV", "venue": "XWGEX", "ts": "2016-04-27T02:47:54.651345878Z"}, {"ok": true, "asks": [{"price": 2631, "isBuy": false, "qty": 141}, {"price": 2644, "isBuy": false, "qty": 998}, {"price": 2650, "isBuy": false, "qty": 4837}, {"price": 2663, "isBuy": false, "qty": 4837}, {"price": 2676, "isBuy": false, "qty": 4837}], "bids": null, "symbol": "OZV", "venue": "XWGEX", "ts": "2016-04-27T02:47:54.819566229Z"}, {"ok": true, "asks": [{"price": 2631, "isBuy": false, "qty": 141}, {"price": 2644, "isBuy": false, "qty": 998}, {"price": 2650, "isBuy": false, "qty": 4837}, {"price": 2663, "isBuy": false, "qty": 4837}, {"price": 2676, "isBuy": false, "qty": 4837}], "bids": null, "symbol": "OZV", "venue": "XWGEX", "ts": "2016-04-27T02:47:54.832057751Z"}, {"ok": true, "asks": [{"price": 2631, "isBuy": false, "qty": 141}, {"price": 2644, "isBuy": false, "qty": 998}, {"price": 2650, "isBuy": false, "qty": 4837}, {"price": 2663, "isBuy": false, "qty": 4837}, {"price": 2676, "isBuy": false, "qty": 4837}], "bids": null, "symbol": "OZV", "venue": "XWGEX", "ts": "2016-04-27T02:47:56.181569883Z"}, {"ok": true, "asks": [{"price": 2631, "isBuy": false, "qty": 141}, {"price": 2644, "isBuy": false, "qty": 998}, {"price": 2650, "isBuy": false, "qty": 4837}, {"price": 2663, "isBuy": false, "qty": 4837}, {"price": 2676, "isBuy": false, "qty": 4837}], "bids": null, "symbol": "OZV", "venue": "XWGEX", "ts": "2016-04-27T02:47:56.350286228Z"}, {"ok": true, "asks": [{"price": 2446, "isBuy": false, "qty": 4630}, {"price": 2458, "isBuy": false, "qty": 4630}, {"price": 2470, "isBuy": false, "qty": 4630}, {"price": 2584, "isBuy": false, "qty": 748}, {"price": 2644, "isBuy": false, "qty": 786}], "bids": [{"price": 2422, "isBuy": true, "qty": 4435}, {"price": 2410, "isBuy": true, "qty": 5162}, {"price": 2398, "isBuy": true, "qty": 5162}], "symbol": "OZV", "venue": "XWGEX", "ts": "2016-04-27T02:47:57.893338352Z"}, {"ok": true, "asks": [{"price": 2446, "isBuy": false, "qty": 4630}, {"price": 2458, "isBuy": false, "qty": 4630}, {"price": 2470, "isBuy": false, "qty": 4630}, {"price": 2584, "isBuy": false, "qty": 748}, {"price": 2644, "isBuy": false, "qty": 786}], "bids": [{"price": 2422, "isBuy": true, "qty": 4435}, {"price": 2410, "isBuy": true, "qty": 5162}, {"price": 2398, "isBuy": true, "qty": 5162}], "symbol": "OZV", "venue": "XWGEX", "ts": "2016-04-27T02:47:58.451848006Z"}, {"ok": true, "asks": [{"price": 2446, "isBuy": false, "qty": 4630}, {"price": 2458, "isBuy": false, "qty": 4630}, {"price": 2470, "isBuy": false, "qty": 4630}, {"price": 2584, "isBuy": false, "qty": 748}, {"price": 2644, "isBuy": false, "qty": 786}], "bids": [{"price": 2422, "isBuy": true, "qty": 4435}, {"price": 2410, "isBuy": true, "qty": 5162}, {"price": 2398, "isBuy": true, "qty": 5162}], "symbol": "OZV", "venue": "XWGEX", "ts": "2016-04-27T02:47:59.371905837Z"}, {"ok": true, "asks": [{"price": 2446, "isBuy": false, "qty": 4630}, {"price": 2458, "isBuy": false, "qty": 4630}, {"price": 2470, "isBuy": false, "qty": 4630}, {"price": 2584, "isBuy": false, "qty": 748}, {"price": 2644, "isBuy": false, "qty": 786}], "bids": [{"price": 2422, "isBuy": true, "qty": 4435}, {"price": 2410, "isBuy": true, "qty": 5162}, {"price": 2398, "isBuy": true, "qty": 5162}], "symbol": "OZV", "venue": "XWGEX", "ts": "2016-04-27T02:48:01.024290991Z"}, {"ok": true, "asks": [{"price": 2444, "isBuy": false, "qty": 4429}, {"price": 2456, "isBuy": false, "qty": 4429}, {"price": 2468, "isBuy": false, "qty": 4429}, {"price": 2644, "isBuy": false, "qty": 786}], "bids": [{"price": 2420, "isBuy": true, "qty": 5362}, {"price": 2408, "isBuy": true, "qty": 5362}, {"price": 2396, "isBuy": true, "qty": 5362}], "symbol": "OZV", "venue": "XWGEX", "ts": "2016-04-27T02:48:02.416066354Z"}, {"ok": true, "asks": [{"price": 2444, "isBuy": false, "qty": 4429}, {"price": 2456, "isBuy": false, "qty": 4429}, {"price": 2468, "isBuy": false, "qty": 4429}, {"price": 2644, "isBuy": false, "qty": 786}], "bids": [{"price": 2420, "isBuy": true, "qty": 5362}, {"price": 2408, "isBuy": true, "qty": 5362}, {"price": 2396, "isBuy": true, "qty": 5362}], "symbol": "OZV", "venue": "XWGEX", "ts": "2016-04-27T02:48:02.972276011Z"}, {"ok": true, "asks": [{"price": 2444, "isBuy": false, "qty": 4429}, {"price": 2456, "isBuy": false, "qty": 4429}, {"price": 2468, "isBuy": false, "qty": 4429}, {"price": 2644, "isBuy": false, "qty": 786}], "bids": [{"price": 2420, "isBuy": true, "qty": 5362}, {"price": 2408, "isBuy": true, "qty": 5362}, {"price": 2396, "isBuy": true, "qty": 5362}], "symbol": "OZV", "venue": "XWGEX", "ts": "2016-04-27T02:48:03.903801204Z"}, {"ok": true, "asks": [{"price": 2444, "isBuy": false, "qty": 4429}, {"price": 2456, "isBuy": false, "qty": 4429}, {"price": 2468, "isBuy": false, "qty": 4429}, {"price": 2644, "isBuy": false, "qty": 786}], "bids": [{"price": 2420, "isBuy": true, "qty": 5362}, {"price": 2408, "isBuy": true, "qty": 5362}, {"price": 2396, "isBuy": true, "qty": 5362}], "symbol": "OZV", "venue": "XWGEX", "ts": "2016-04-27T02:48:05.305656036Z"}, {"ok": true, "asks": [{"price": 2444, "isBuy": false, "qty": 4429}, {"price": 2456, "isBuy": false, "qty": 4429}, {"price": 2468, "isBuy": false, "qty": 4429}, {"price": 2644, "isBuy": false, "qty": 786}], "bids": [{"price": 2420, "isBuy": true, "qty": 5362}, {"price": 2408, "isBuy": true, "qty": 5362}, {"price": 2396, "isBuy": true, "qty": 5362}], "symbol": "OZV", "venue": "XWGEX", "ts": "2016-04-27T02:48:05.513088817Z"}, {"ok": true, "asks": [{"price": 2444, "isBuy": false, "qty": 4429}, {"price": 2456, "isBuy": false, "qty": 4429}, {"price": 2468, "isBuy": false, "qty": 4429}, {"price": 2644, "isBuy": false, "qty": 786}], "bids": [{"price": 2420, "isBuy": true, "qty": 5362}, {"price": 2408, "isBuy": true, "qty": 5362}, {"price": 2396, "isBuy": true, "qty": 5362}], "symbol": "OZV", "venue": "XWGEX", "ts": "2016-04-27T02:48:06.676669831Z"}, {"ok": true, "asks": [{"price": 2472, "isBuy": false, "qty": 4223}, {"price": 2484, "isBuy": false, "qty": 4223}, {"price": 2496, "isBuy": false, "qty": 4223}, {"price": 2644, "isBuy": false, "qty": 786}], "bids": [{"price": 2448, "isBuy": true, "qty": 2}, {"price": 2436, "isBuy": true, "qty": 2}, {"price": 2424, "isBuy": true, "qty": 2}], "symbol": "OZV", "venue": "XWGEX", "ts": "2016-04-27T02:48:08.055051581Z"}, {"ok": true, "asks": [{"price": 2472, "isBuy": false, "qty": 4223}, {"price": 2484, "isBuy": false, "qty": 4223}, {"price": 2496, "isBuy": false, "qty": 4223}, {"price": 2644, "isBuy": false, "qty": 786}], "bids": [{"price": 2448, "isBuy": true, "qty": 2}, {"price": 2436, "isBuy": true, "qty": 2}, {"price": 2424, "isBuy": true, "qty": 2}], "symbol": "OZV", "venue": "XWGEX", "ts": "2016-04-27T02:48:08.879727692Z"}, {"ok": true, "asks": [{"price": 2472, "isBuy": false, "qty": 4223}, {"price": 2484, "isBuy": false, "qty": 4223}, {"price": 2496, "isBuy": false, "qty": 4223}, {"price": 2644, "isBuy": false, "qty": 786}], "bids": [{"price": 2448, "isBuy": true, "qty": 2}, {"price": 2436, "isBuy": true, "qty": 2}, {"price": 2424, "isBuy": true, "qty": 2}], "symbol": "OZV", "venue": "XWGEX", "ts": "2016-04-27T02:48:09.415452204Z"}, {"ok": true, "asks": [{"price": 2472, "isBuy": false, "qty": 4223}, {"price": 2484, "isBuy": false, "qty": 4223}, {"price": 2496, "isBuy": false, "qty": 4223}, {"price": 2644, "isBuy": false, "qty": 786}], "bids": [{"price": 2448, "isBuy": true, "qty": 2}, {"price": 2436, "isBuy": true, "qty": 2}, {"price": 2424, "isBuy": true, "qty": 2}], "symbol": "OZV", "venue": "XWGEX", "ts": "2016-04-27T02:48:10.792354121Z"}, {"ok": true, "asks": [{"price": 2644, "isBuy": false, "qty": 786}], "bids": null, "symbol": "OZV", "venue": "XWGEX", "ts": "2016-04-27T02:48:12.377974824Z"}, {"ok": true, "asks": [{"price": 2604, "isBuy": false, "qty": 4236}, {"price": 2616, "isBuy": false, "qty": 4236}, {"price": 2628, "isBuy": false, "qty": 4236}], "bids": [{"price": 2580, "isBuy": true, "qty": 5763}, {"price": 2568, "isBuy": true, "qty": 5763}, {"price": 2556, "isBuy": true, "qty": 5763}], "symbol": "OZV", "venue": "XWGEX", "ts": "2016-04-27T02:48:12.771298519Z"}, {"ok": true, "asks": [{"price": 2604, "isBuy": false, "qty": 4236}, {"price": 2616, "isBuy": false, "qty": 4236}, {"price": 2628, "isBuy": false, "qty": 4236}], "bids": [{"price": 2580, "isBuy": true, "qty": 5005}, {"price": 2568, "isBuy": true, "qty": 5763}, {"price": 2556, "isBuy": true, "qty": 5763}], "symbol": "OZV", "venue": "XWGEX", "ts": "2016-04-27T02:48:16.500762751Z"}, {"ok": true, "asks": null, "bids": [{"price": 2564, "isBuy": true, "qty": 4866}, {"price": 2552, "isBuy": true, "qty": 5245}, {"price": 2540, "isBuy": true, "qty": 5245}], "symbol": "OZV", "venue": "XWGEX", "ts": "2016-04-27T02:48:19.685083599Z"}, {"ok": true, "asks": [{"price": 2623, "isBuy": false, "qty": 5003}, {"price": 2636, "isBuy": false, "qty": 5003}, {"price": 2649, "isBuy": false, "qty": 5003}], "bids": [{"price": 2543, "isBuy": true, "qty": 4688}, {"price": 2531, "isBuy": true, "qty": 4688}, {"price": 2519, "isBuy": true, "qty": 4688}], "symbol": "OZV", "venue": "XWGEX", "ts": "2016-04-27T02:48:22.963817097Z"}, {"ok": true, "asks": [{"price": 2623, "isBuy": false, "qty": 5003}, {"price": 2636, "isBuy": false, "qty": 5003}, {"price": 2649, "isBuy": false, "qty": 5003}], "bids": [{"price": 2543, "isBuy": true, "qty": 4688}, {"price": 2531, "isBuy": true, "qty": 4688}, {"price": 2519, "isBuy": true, "qty": 4688}], "symbol": "OZV", "venue": "XWGEX", "ts": "2016-04-27T02:48:26.626726351Z"}, {"ok": true, "asks": [{"price": 2623, "isBuy": false, "qty": 5707}, {"price": 2636, "isBuy": false, "qty": 5707}, {"price": 2649, "isBuy": false, "qty": 5707}], "bids": [{"price": 2544, "isBuy": true, "qty": 3717}, {"price": 2532, "isBuy": true, "qty": 4293}, {"price": 2520, "isBuy": true, "qty": 4293}], "symbol": "OZV", "venue": "XWGEX", "ts": "2016-04-27T02:48:29.897820389Z"}, {"ok": true, "asks": null, "bids": [{"price": 2531, "isBuy": true, "qty": 3966}, {"price": 2519, "isBuy": true, "qty": 3966}, {"price": 2507, "isBuy": true, "qty": 3966}], "symbol": "OZV", "venue": "XWGEX", "ts": "2016-04-27T02:48:33.510914819Z"}, {"ok": true, "asks": null, "bids": [{"price": 2531, "isBuy": true, "qty": 3966}, {"price": 2519, "isBuy": true, "qty": 3966}, {"price": 2507, "isBuy": true, "qty": 3966}], "symbol": "OZV", "venue": "XWGEX", "ts": "2016-04-27T02:48:36.822260275Z"}, {"ok": true, "asks": null, "bids": [{"price": 2367, "isBuy": true, "qty": 3987}, {"price": 2356, "isBuy": true, "qty": 3987}, {"price": 2345, "isBuy": true, "qty": 3987}], "symbol": "OZV", "venue": "XWGEX", "ts": "2016-04-27T02:48:40.177500525Z"}, {"ok": true, "asks": [{"price": 2534, "isBuy": false, "qty": 248}, {"price": 2539, "isBuy": false, "qty": 563}, {"price": 2543, "isBuy": false, "qty": 424}, {"price": 2575, "isBuy": false, "qty": 6058}, {"price": 2587, "isBuy": false, "qty": 6058}, {"price": 2599, "isBuy": false, "qty": 6058}], "bids": [{"price": 2522, "isBuy": true, "qty": 3941}, {"price": 2510, "isBuy": true, "qty": 3941}, {"price": 2498, "isBuy": true, "qty": 3941}, {"price": 2403, "isBuy": true, "qty": 809}], "symbol": "OZV", "venue": "XWGEX", "ts": "2016-04-27T02:48:44.268121611Z"}, {"ok": true, "asks": [{"price": 2534, "isBuy": false, "qty": 248}, {"price": 2539, "isBuy": false, "qty": 563}, {"price": 2543, "isBuy": false, "qty": 424}, {"price": 2575, "isBuy": false, "qty": 6058}, {"price": 2587, "isBuy": false, "qty": 6058}, {"price": 2599, "isBuy": false, "qty": 6058}], "bids": [{"price": 2522, "isBuy": true, "qty": 3941}, {"price": 2510, "isBuy": true, "qty": 3941}, {"price": 2498, "isBuy": true, "qty": 3941}, {"price": 2403, "isBuy": true, "qty": 809}], "symbol": "OZV", "venue": "XWGEX", "ts": "2016-04-27T02:48:44.584316368Z"}, {"ok": true, "asks": [{"price": 2534, "isBuy": false, "qty": 248}, {"price": 2539, "isBuy": false, "qty": 563}, {"price": 2543, "isBuy": false, "qty": 424}, {"price": 2575, "isBuy": false, "qty": 6058}, {"price": 2587, "isBuy": false, "qty": 6058}, {"price": 2599, "isBuy": false, "qty": 6058}], "bids": [{"price": 2522, "isBuy": true, "qty": 3941}, {"price": 2510, "isBuy": true, "qty": 3941}, {"price": 2498, "isBuy": true, "qty": 3941}, {"price": 2403, "isBuy": true, "qty": 809}], "symbol": "OZV", "venue": "XWGEX", "ts": "2016-04-27T02:48:45.655442548Z"}, {"ok": true, "asks": [{"price": 2534, "isBuy": false, "qty": 248}, {"price": 2539, "isBuy": false, "qty": 563}, {"price": 2543, "isBuy": false, "qty": 424}, {"price": 2575, "isBuy": false, "qty": 6058}, {"price": 2587, "isBuy": false, "qty": 6058}, {"price": 2599, "isBuy": false, "qty": 6058}], "bids": [{"price": 2522, "isBuy": true, "qty": 3941}, {"price": 2510, "isBuy": true, "qty": 3941}, {"price": 2498, "isBuy": true, "qty": 3941}, {"price": 2403, "isBuy": true, "qty": 809}], "symbol": "OZV", "venue": "XWGEX", "ts": "2016-04-27T02:48:47.16914384Z"}, {"ok": true, "asks": [{"price": 2534, "isBuy": false, "qty": 248}, {"price": 2539, "isBuy": false, "qty": 563}, {"price": 2543, "isBuy": false, "qty": 424}, {"price": 2575, "isBuy": false, "qty": 6058}, {"price": 2587, "isBuy": false, "qty": 6058}, {"price": 2599, "isBuy": false, "qty": 6058}], "bids": [{"price": 2522, "isBuy": true, "qty": 3941}, {"price": 2510, "isBuy": true, "qty": 3941}, {"price": 2498, "isBuy": true, "qty": 3941}, {"price": 2403, "isBuy": true, "qty": 809}], "symbol": "OZV", "venue": "XWGEX", "ts": "2016-04-27T02:48:47.224165541Z"}, {"ok": true, "asks": null, "bids": [{"price": 2556, "isBuy": true, "qty": 414}, {"price": 2554, "isBuy": true, "qty": 734}, {"price": 2552, "isBuy": true, "qty": 506}, {"price": 2462, "isBuy": true, "qty": 3695}, {"price": 2450, "isBuy": true, "qty": 3695}, {"price": 2438, "isBuy": true, "qty": 3695}, {"price": 2403, "isBuy": true, "qty": 809}], "symbol": "OZV", "venue": "XWGEX", "ts": "2016-04-27T02:48:48.66528959Z"}, {"ok": true, "asks": null, "bids": [{"price": 2556, "isBuy": true, "qty": 414}, {"price": 2554, "isBuy": true, "qty": 734}, {"price": 2552, "isBuy": true, "qty": 506}, {"price": 2462, "isBuy": true, "qty": 3695}, {"price": 2450, "isBuy": true, "qty": 3695}, {"price": 2438, "isBuy": true, "qty": 3695}, {"price": 2403, "isBuy": true, "qty": 809}], "symbol": "OZV", "venue": "XWGEX", "ts": "2016-04-27T02:48:50.071096145Z"}, {"ok": true, "asks": null, "bids": [{"price": 2556, "isBuy": true, "qty": 414}, {"price": 2554, "isBuy": true, "qty": 734}, {"price": 2552, "isBuy": true, "qty": 506}, {"price": 2462, "isBuy": true, "qty": 3695}, {"price": 2450, "isBuy": true, "qty": 3695}, {"price": 2438, "isBuy": true, "qty": 3695}, {"price": 2403, "isBuy": true, "qty": 809}], "symbol": "OZV", "venue": "XWGEX", "ts": "2016-04-27T02:48:50.692584983Z"}, {"ok": true, "asks": null, "bids": [{"price": 2556, "isBuy": true, "qty": 414}, {"price": 2554, "isBuy": true, "qty": 734}, {"price": 2552, "isBuy": true, "qty": 506}, {"price": 2462, "isBuy": true, "qty": 3695}, {"price": 2450, "isBuy": true, "qty": 3695}, {"price": 2438, "isBuy": true, "qty": 3695}, {"price": 2403, "isBuy": true, "qty": 809}], "symbol": "OZV", "venue": "XWGEX", "ts": "2016-04-27T02:48:51.505114766Z"}, {"ok": true, "asks": null, "bids": [{"price": 2403, "isBuy": true, "qty": 809}, {"price": 2374, "isBuy": true, "qty": 3743}, {"price": 2363, "isBuy": true, "qty": 3743}, {"price": 2352, "isBuy": true, "qty": 3743}], "symbol": "OZV", "venue": "XWGEX", "ts": "2016-04-27T02:48:53.093451358Z"}, {"ok": true, "asks": null, "bids": [{"price": 2403, "isBuy": true, "qty": 809}, {"price": 2374, "isBuy": true, "qty": 3743}, {"price": 2363, "isBuy": true, "qty": 3743}, {"price": 2352, "isBuy": true, "qty": 3743}], "symbol": "OZV", "venue": "XWGEX", "ts": "2016-04-27T02:48:54.173919145Z"}, {"ok": true, "asks": null, "bids": [{"price": 2403, "isBuy": true, "qty": 809}, {"price": 2374, "isBuy": true, "qty": 3743}, {"price": 2363, "isBuy": true, "qty": 3743}, {"price": 2352, "isBuy": true, "qty": 3743}], "symbol": "OZV", "venue": "XWGEX", "ts": "2016-04-27T02:48:54.574196414Z"}, {"ok": true, "asks": null, "bids": [{"price": 2403, "isBuy": true, "qty": 809}, {"price": 2374, "isBuy": true, "qty": 3743}, {"price": 2363, "isBuy": true, "qty": 3743}, {"price": 2352, "isBuy": true, "qty": 3743}], "symbol": "OZV", "venue": "XWGEX", "ts": "2016-04-27T02:48:56.084754541Z"}, {"ok": true, "asks": [{"price": 2492, "isBuy": false, "qty": 6227}, {"price": 2504, "isBuy": false, "qty": 6227}, {"price": 2516, "isBuy": false, "qty": 6227}], "bids": [{"price": 2468, "isBuy": true, "qty": 3772}, {"price": 2456, "isBuy": true, "qty": 3772}, {"price": 2444, "isBuy": true, "qty": 3772}, {"price": 2421, "isBuy": true, "qty": 404}, {"price": 2403, "isBuy": true, "qty": 537}], "symbol": "OZV", "venue": "XWGEX", "ts": "2016-04-27T02:48:57.511904772Z"}, {"ok": true, "asks": [{"price": 2492, "isBuy": false, "qty": 6227}, {"price": 2504, "isBuy": false, "qty": 6227}, {"price": 2516, "isBuy": false, "qty": 6227}], "bids": [{"price": 2468, "isBuy": true, "qty": 3772}, {"price": 2456, "isBuy": true, "qty": 3772}, {"price": 2444, "isBuy": true, "qty": 3772}, {"price": 2421, "isBuy": true, "qty": 404}, {"price": 2403, "isBuy": true, "qty": 537}], "symbol": "OZV", "venue": "XWGEX", "ts": "2016-04-27T02:48:58.100469472Z"}, {"ok": true, "asks": [{"price": 2492, "isBuy": false, "qty": 6227}, {"price": 2504, "isBuy": false, "qty": 6227}, {"price": 2516, "isBuy": false, "qty": 6227}], "bids": [{"price": 2468, "isBuy": true, "qty": 3772}, {"price": 2456, "isBuy": true, "qty": 3772}, {"price": 2444, "isBuy": true, "qty": 3772}, {"price": 2421, "isBuy": true, "qty": 404}, {"price": 2403, "isBuy": true, "qty": 537}], "symbol": "OZV", "venue": "XWGEX", "ts": "2016-04-27T02:48:58.885580196Z"}, {"ok": true, "asks": [{"price": 2492, "isBuy": false, "qty": 6227}, {"price": 2504, "isBuy": false, "qty": 6227}, {"price": 2516, "isBuy": false, "qty": 6227}], "bids": [{"price": 2468, "isBuy": true, "qty": 3772}, {"price": 2456, "isBuy": true, "qty": 3772}, {"price": 2444, "isBuy": true, "qty": 3772}, {"price": 2421, "isBuy": true, "qty": 404}, {"price": 2403, "isBuy": true, "qty": 537}], "symbol": "OZV", "venue": "XWGEX", "ts": "2016-04-27T02:48:59.046944403Z"}, {"ok": true, "asks": [{"price": 2492, "isBuy": false, "qty": 6227}, {"price": 2504, "isBuy": false, "qty": 6227}, {"price": 2516, "isBuy": false, "qty": 6227}], "bids": [{"price": 2468, "isBuy": true, "qty": 3772}, {"price": 2456, "isBuy": true, "qty": 3772}, {"price": 2444, "isBuy": true, "qty": 3772}, {"price": 2421, "isBuy": true, "qty": 404}, {"price": 2403, "isBuy": true, "qty": 537}], "symbol": "OZV", "venue": "XWGEX", "ts": "2016-04-27T02:49:00.610105642Z"}, {"ok": true, "asks": [{"price": 2492, "isBuy": false, "qty": 6227}, {"price": 2504, "isBuy": false, "qty": 6227}, {"price": 2516, "isBuy": false, "qty": 6227}], "bids": [{"price": 2468, "isBuy": true, "qty": 3772}, {"price": 2456, "isBuy": true, "qty": 3772}, {"price": 2444, "isBuy": true, "qty": 3772}, {"price": 2421, "isBuy": true, "qty": 404}, {"price": 2403, "isBuy": true, "qty": 537}], "symbol": "OZV", "venue": "XWGEX", "ts": "2016-04-27T02:49:00.834065968Z"}, {"ok": true, "asks": [{"price": 2492, "isBuy": false, "qty": 6227}, {"price": 2504, "isBuy": false, "qty": 6227}, {"price": 2516, "isBuy": false, "qty": 6227}], "bids": [{"price": 2468, "isBuy": true, "qty": 3446}, {"price": 2456, "isBuy": true, "qty": 3772}, {"price": 2444, "isBuy": true, "qty": 3772}, {"price": 2421, "isBuy": true, "qty": 404}, {"price": 2403, "isBuy": true, "qty": 537}], "symbol": "OZV", "venue": "XWGEX", "ts": "2016-04-27T02:49:01.43625188Z"}, {"ok": true, "asks": [{"price": 2492, "isBuy": false, "qty": 6227}, {"price": 2504, "isBuy": false, "qty": 6227}, {"price": 2516, "isBuy": false, "qty": 6227}], "bids": [{"price": 2468, "isBuy": true, "qty": 3446}, {"price": 2456, "isBuy": true, "qty": 3772}, {"price": 2444, "isBuy": true, "qty": 3772}, {"price": 2421, "isBuy": true, "qty": 404}, {"price": 2403, "isBuy": true, "qty": 537}], "symbol": "OZV", "venue": "XWGEX", "ts": "2016-04-27T02:49:06.975376523Z"}, {"ok": true, "asks": null, "bids": [{"price": 2403, "isBuy": true, "qty": 177}, {"price": 2393, "isBuy": true, "qty": 3824}, {"price": 2381, "isBuy": true, "qty": 3824}, {"price": 2369, "isBuy": true, "qty": 3824}], "symbol": "OZV", "venue": "XWGEX", "ts": "2016-04-27T02:49:07.302013611Z"}, {"ok": true, "asks": [{"price": 1541, "isBuy": false, "qty": 490437}, {"price": 2361, "isBuy": false, "qty": 7179}, {"price": 2372, "isBuy": false, "qty": 7179}, {"price": 2383, "isBuy": false, "qty": 7179}, {"price": 2453, "isBuy": false, "qty": 365}], "bids": null, "symbol": "OZV", "venue": "XWGEX", "ts": "2016-04-27T02:49:08.50832169Z"}, {"ok": true, "asks": [{"price": 1541, "isBuy": false, "qty": 490437}, {"price": 2361, "isBuy": false, "qty": 7179}, {"price": 2372, "isBuy": false, "qty": 7179}, {"price": 2383, "isBuy": false, "qty": 7179}, {"price": 2453, "isBuy": false, "qty": 365}], "bids": null, "symbol": "OZV", "venue": "XWGEX", "ts": "2016-04-27T02:49:09.082216523Z"}, {"ok": true, "asks": [{"price": 1541, "isBuy": false, "qty": 490437}, {"price": 2361, "isBuy": false, "qty": 7179}, {"price": 2372, "isBuy": false, "qty": 7179}, {"price": 2383, "isBuy": false, "qty": 7179}, {"price": 2453, "isBuy": false, "qty": 365}], "bids": null, "symbol": "OZV", "venue": "XWGEX", "ts": "2016-04-27T02:49:10.600571417Z"}, {"ok": true, "asks": [{"price": 1541, "isBuy": false, "qty": 490437}, {"price": 2361, "isBuy": false, "qty": 7179}, {"price": 2372, "isBuy": false, "qty": 7179}, {"price": 2383, "isBuy": false, "qty": 7179}, {"price": 2453, "isBuy": false, "qty": 365}], "bids": null, "symbol": "OZV", "venue": "XWGEX", "ts": "2016-04-27T02:49:11.32515304Z"}, {"ok": true, "asks": [{"price": 1541, "isBuy": false, "qty": 490437}, {"price": 2361, "isBuy": false, "qty": 7179}, {"price": 2372, "isBuy": false, "qty": 7179}, {"price": 2383, "isBuy": false, "qty": 7179}, {"price": 2453, "isBuy": false, "qty": 365}], "bids": null, "symbol": "OZV", "venue": "XWGEX", "ts": "2016-04-27T02:49:12.312259713Z"}, {"ok": true, "asks": [{"price": 2410, "isBuy": false, "qty": 6783}, {"price": 2421, "isBuy": false, "qty": 6783}, {"price": 2432, "isBuy": false, "qty": 6783}, {"price": 2453, "isBuy": false, "qty": 365}], "bids": null, "symbol": "OZV", "venue": "XWGEX", "ts": "2016-04-27T02:49:13.708006263Z"}, {"ok": true, "asks": [{"price": 2410, "isBuy": false, "qty": 6783}, {"price": 2421, "isBuy": false, "qty": 6783}, {"price": 2432, "isBuy": false, "qty": 6783}, {"price": 2453, "isBuy": false, "qty": 365}], "bids": null, "symbol": "OZV", "venue": "XWGEX", "ts": "2016-04-27T02:49:15.085194094Z"}, {"ok": true, "asks": [{"price": 2410, "isBuy": false, "qty": 6783}, {"price": 2421, "isBuy": false, "qty": 6783}, {"price": 2432, "isBuy": false, "qty": 6783}, {"price": 2453, "isBuy": false, "qty": 365}], "bids": null, "symbol": "OZV", "venue": "XWGEX", "ts": "2016-04-27T02:49:15.339709552Z"}, {"ok": true, "asks": [{"price": 2410, "isBuy": false, "qty": 6783}, {"price": 2421, "isBuy": false, "qty": 6783}, {"price": 2432, "isBuy": false, "qty": 6783}, {"price": 2453, "isBuy": false, "qty": 365}], "bids": null, "symbol": "OZV", "venue": "XWGEX", "ts": "2016-04-27T02:49:16.981601869Z"}, {"ok": true, "asks": [{"price": 2372, "isBuy": false, "qty": 451}, {"price": 2453, "isBuy": false, "qty": 365}, {"price": 2470, "isBuy": false, "qty": 6631}, {"price": 2482, "isBuy": false, "qty": 6631}, {"price": 2494, "isBuy": false, "qty": 6631}], "bids": null, "symbol": "OZV", "venue": "XWGEX", "ts": "2016-04-27T02:49:18.627221119Z"}, {"ok": true, "asks": [{"price": 2372, "isBuy": false, "qty": 451}, {"price": 2453, "isBuy": false, "qty": 365}, {"price": 2470, "isBuy": false, "qty": 6631}, {"price": 2482, "isBuy": false, "qty": 6631}, {"price": 2494, "isBuy": false, "qty": 6631}], "bids": null, "symbol": "OZV", "venue": "XWGEX", "ts": "2016-04-27T02:49:19.230293918Z"}, {"ok": true, "asks": [{"price": 2372, "isBuy": false, "qty": 451}, {"price": 2453, "isBuy": false, "qty": 365}, {"price": 2470, "isBuy": false, "qty": 6631}, {"price": 2482, "isBuy": false, "qty": 6631}, {"price": 2494, "isBuy": false, "qty": 6631}], "bids": null, "symbol": "OZV", "venue": "XWGEX", "ts": "2016-04-27T02:49:20.045637892Z"}, {"ok": true, "asks": [{"price": 2453, "isBuy": false, "qty": 365}, {"price": 2470, "isBuy": false, "qty": 6631}, {"price": 2482, "isBuy": false, "qty": 6631}, {"price": 2494, "isBuy": false, "qty": 6631}], "bids": null, "symbol": "OZV", "venue": "XWGEX", "ts": "2016-04-27T02:49:20.438692242Z"}, {"ok": true, "asks": [{"price": 2453, "isBuy": false, "qty": 365}, {"price": 2470, "isBuy": false, "qty": 6631}, {"price": 2482, "isBuy": false, "qty": 6631}, {"price": 2494, "isBuy": false, "qty": 6631}], "bids": null, "symbol": "OZV", "venue": "XWGEX", "ts": "2016-04-27T02:49:22.091663995Z"}, {"ok": true, "asks": [{"price": 1540, "isBuy": false, "qty": 591265}, {"price": 2506, "isBuy": false, "qty": 6692}, {"price": 2518, "isBuy": false, "qty": 6692}, {"price": 2530, "isBuy": false, "qty": 6692}], "bids": [{"price": 1533, "isBuy": true, "qty": 2391}, {"price": 1526, "isBuy": true, "qty": 2391}, {"price": 1519, "isBuy": true, "qty": 2391}], "symbol": "OZV", "venue": "XWGEX", "ts": "2016-04-27T02:49:22.812619503Z"}, {"ok": true, "asks": [{"price": 1540, "isBuy": false, "qty": 590492}, {"price": 2455, "isBuy": false, "qty": 612}, {"price": 2506, "isBuy": false, "qty": 6692}, {"price": 2518, "isBuy": false, "qty": 6692}, {"price": 2530, "isBuy": false, "qty": 6692}], "bids": [{"price": 1533, "isBuy": true, "qty": 2391}, {"price": 1526, "isBuy": true, "qty": 2391}, {"price": 1519, "isBuy": true, "qty": 2391}], "symbol": "OZV", "venue": "XWGEX", "ts": "2016-04-27T02:49:26.513867306Z"}, {"ok": true, "asks": [{"price": 2325, "isBuy": false, "qty": 7493}, {"price": 2336, "isBuy": false, "qty": 7493}, {"price": 2347, "isBuy": false, "qty": 7493}, {"price": 2455, "isBuy": false, "qty": 612}], "bids": null, "symbol": "OZV", "venue": "XWGEX", "ts": "2016-04-27T02:49:27.546286071Z"}, {"ok": true, "asks": [{"price": 2325, "isBuy": false, "qty": 7493}, {"price": 2336, "isBuy": false, "qty": 7493}, {"price": 2347, "isBuy": false, "qty": 7493}, {"price": 2455, "isBuy": false, "qty": 612}], "bids": [{"price": 1556, "isBuy": true, "qty": 387}], "symbol": "OZV", "venue": "XWGEX", "ts": "2016-04-27T02:49:28.954586925Z"}, {"ok": true, "asks": [{"price": 2325, "isBuy": false, "qty": 7493}, {"price": 2336, "isBuy": false, "qty": 7493}, {"price": 2347, "isBuy": false, "qty": 7493}, {"price": 2405, "isBuy": false, "qty": 595}, {"price": 2455, "isBuy": false, "qty": 612}], "bids": [{"price": 1556, "isBuy": true, "qty": 387}], "symbol": "OZV", "venue": "XWGEX", "ts": "2016-04-27T02:49:29.930102563Z"}, {"ok": true, "asks": [{"price": 2325, "isBuy": false, "qty": 7493}, {"price": 2336, "isBuy": false, "qty": 7493}, {"price": 2347, "isBuy": false, "qty": 7493}, {"price": 2405, "isBuy": false, "qty": 595}, {"price": 2455, "isBuy": false, "qty": 612}], "bids": [{"price": 1556, "isBuy": true, "qty": 387}], "symbol": "OZV", "venue": "XWGEX", "ts": "2016-04-27T02:49:30.361641699Z"}, {"ok": true, "asks": [{"price": 2325, "isBuy": false, "qty": 7493}, {"price": 2336, "isBuy": false, "qty": 7493}, {"price": 2347, "isBuy": false, "qty": 7493}, {"price": 2405, "isBuy": false, "qty": 595}, {"price": 2455, "isBuy": false, "qty": 612}], "bids": [{"price": 1556, "isBuy": true, "qty": 387}], "symbol": "OZV", "venue": "XWGEX", "ts": "2016-04-27T02:49:30.522599824Z"}, {"ok": true, "asks": [{"price": 2325, "isBuy": false, "qty": 7493}, {"price": 2336, "isBuy": false, "qty": 7493}, {"price": 2347, "isBuy": false, "qty": 7493}, {"price": 2405, "isBuy": false, "qty": 595}, {"price": 2455, "isBuy": false, "qty": 612}], "bids": null, "symbol": "OZV", "venue": "XWGEX", "ts": "2016-04-27T02:49:30.85258348Z"}, {"ok": true, "asks": [{"price": 2325, "isBuy": false, "qty": 7493}, {"price": 2336, "isBuy": false, "qty": 7493}, {"price": 2347, "isBuy": false, "qty": 7493}, {"price": 2405, "isBuy": false, "qty": 595}, {"price": 2455, "isBuy": false, "qty": 612}], "bids": null, "symbol": "OZV", "venue": "XWGEX", "ts": "2016-04-27T02:49:32.246652422Z"}, {"ok": true, "asks": [{"price": 2405, "isBuy": false, "qty": 595}, {"price": 2455, "isBuy": false, "qty": 612}], "bids": null, "symbol": "OZV", "venue": "XWGEX", "ts": "2016-04-27T02:49:32.41274906Z"}, {"ok": true, "asks": [{"price": 2455, "isBuy": false, "qty": 612}], "bids": null, "symbol": "OZV", "venue": "XWGEX", "ts": "2016-04-27T02:49:32.478878816Z"}, {"ok": true, "asks": [{"price": 2429, "isBuy": false, "qty": 7527}, {"price": 2441, "isBuy": false, "qty": 7527}, {"price": 2453, "isBuy": false, "qty": 7527}, {"price": 2455, "isBuy": false, "qty": 612}], "bids": [{"price": 2405, "isBuy": true, "qty": 2472}], "symbol": "OZV", "venue": "XWGEX", "ts": "2016-04-27T02:49:33.803023231Z"}, {"ok": true, "asks": [{"price": 2429, "isBuy": false, "qty": 7527}, {"price": 2441, "isBuy": false, "qty": 7527}, {"price": 2453, "isBuy": false, "qty": 7527}, {"price": 2455, "isBuy": false, "qty": 612}], "bids": [{"price": 2405, "isBuy": true, "qty": 2472}], "symbol": "OZV", "venue": "XWGEX", "ts": "2016-04-27T02:49:35.215536471Z"}, {"ok": true, "asks": [{"price": 2429, "isBuy": false, "qty": 7527}, {"price": 2441, "isBuy": false, "qty": 7527}, {"price": 2453, "isBuy": false, "qty": 7527}, {"price": 2455, "isBuy": false, "qty": 612}], "bids": [{"price": 2405, "isBuy": true, "qty": 2472}], "symbol": "OZV", "venue": "XWGEX", "ts": "2016-04-27T02:49:35.853367195Z"}, {"ok": true, "asks": [{"price": 2429, "isBuy": false, "qty": 7527}, {"price": 2441, "isBuy": false, "qty": 7527}, {"price": 2453, "isBuy": false, "qty": 7527}, {"price": 2455, "isBuy": false, "qty": 612}], "bids": [{"price": 2405, "isBuy": true, "qty": 2472}], "symbol": "OZV", "venue": "XWGEX", "ts": "2016-04-27T02:49:36.614912253Z"}, {"ok": true, "asks": [{"price": 2370, "isBuy": false, "qty": 7655}, {"price": 2381, "isBuy": false, "qty": 7655}, {"price": 2392, "isBuy": false, "qty": 7655}, {"price": 2455, "isBuy": false, "qty": 612}], "bids": [{"price": 2344, "isBuy": true, "qty": 2344}, {"price": 2333, "isBuy": true, "qty": 2344}, {"price": 2322, "isBuy": true, "qty": 2344}], "symbol": "OZV", "venue": "XWGEX", "ts": "2016-04-27T02:49:38.030577066Z"}, {"ok": true, "asks": [{"price": 2370, "isBuy": false, "qty": 7655}, {"price": 2381, "isBuy": false, "qty": 7655}, {"price": 2392, "isBuy": false, "qty": 7655}, {"price": 2455, "isBuy": false, "qty": 612}], "bids": [{"price": 2344, "isBuy": true, "qty": 2344}, {"price": 2333, "isBuy": true, "qty": 2344}, {"price": 2322, "isBuy": true, "qty": 2344}], "symbol": "OZV", "venue": "XWGEX", "ts": "2016-04-27T02:49:39.568479915Z"}, {"ok": true, "asks": [{"price": 2370, "isBuy": false, "qty": 7655}, {"price": 2381, "isBuy": false, "qty": 7655}, {"price": 2392, "isBuy": false, "qty": 7655}, {"price": 2455, "isBuy": false, "qty": 612}], "bids": [{"price": 2344, "isBuy": true, "qty": 2344}, {"price": 2333, "isBuy": true, "qty": 2344}, {"price": 2322, "isBuy": true, "qty": 2344}], "symbol": "OZV", "venue": "XWGEX", "ts": "2016-04-27T02:49:39.595786458Z"}, {"ok": true, "asks": [{"price": 2370, "isBuy": false, "qty": 7655}, {"price": 2381, "isBuy": false, "qty": 7655}, {"price": 2392, "isBuy": false, "qty": 7655}, {"price": 2455, "isBuy": false, "qty": 612}], "bids": [{"price": 2344, "isBuy": true, "qty": 2344}, {"price": 2333, "isBuy": true, "qty": 2344}, {"price": 2322, "isBuy": true, "qty": 2344}], "symbol": "OZV", "venue": "XWGEX", "ts": "2016-04-27T02:49:41.380354326Z"}, {"ok": true, "asks": [{"price": 2455, "isBuy": false, "qty": 612}, {"price": 2508, "isBuy": false, "qty": 7978}, {"price": 2520, "isBuy": false, "qty": 7978}, {"price": 2532, "isBuy": false, "qty": 7978}], "bids": [{"price": 2443, "isBuy": true, "qty": 2021}], "symbol": "OZV", "venue": "XWGEX", "ts": "2016-04-27T02:49:42.998184615Z"}, {"ok": true, "asks": [{"price": 2455, "isBuy": false, "qty": 612}, {"price": 2508, "isBuy": false, "qty": 7978}, {"price": 2520, "isBuy": false, "qty": 7978}, {"price": 2532, "isBuy": false, "qty": 7978}], "bids": [{"price": 2443, "isBuy": true, "qty": 2021}], "symbol": "OZV", "venue": "XWGEX", "ts": "2016-04-27T02:49:43.228338802Z"}, {"ok": true, "asks": [{"price": 2455, "isBuy": false, "qty": 612}, {"price": 2508, "isBuy": false, "qty": 7978}, {"price": 2520, "isBuy": false, "qty": 7978}, {"price": 2532, "isBuy": false, "qty": 7978}], "bids": [{"price": 2443, "isBuy": true, "qty": 2021}], "symbol": "OZV", "venue": "XWGEX", "ts": "2016-04-27T02:49:44.480228147Z"}, {"ok": true, "asks": [{"price": 2455, "isBuy": false, "qty": 612}, {"price": 2508, "isBuy": false, "qty": 7978}, {"price": 2520, "isBuy": false, "qty": 7978}, {"price": 2532, "isBuy": false, "qty": 7978}], "bids": [{"price": 2443, "isBuy": true, "qty": 2021}], "symbol": "OZV", "venue": "XWGEX", "ts": "2016-04-27T02:49:45.978883063Z"}, {"ok": true, "asks": [{"price": 2455, "isBuy": false, "qty": 612}, {"price": 2508, "isBuy": false, "qty": 7978}, {"price": 2520, "isBuy": false, "qty": 7978}, {"price": 2532, "isBuy": false, "qty": 7978}], "bids": [{"price": 2443, "isBuy": true, "qty": 2021}], "symbol": "OZV", "venue": "XWGEX", "ts": "2016-04-27T02:49:46.79883067Z"}, {"ok": true, "asks": [{"price": 2404, "isBuy": false, "qty": 8180}, {"price": 2415, "isBuy": false, "qty": 8180}, {"price": 2426, "isBuy": false, "qty": 8180}], "bids": [{"price": 2382, "isBuy": true, "qty": 1819}, {"price": 2371, "isBuy": true, "qty": 1819}, {"price": 2360, "isBuy": true, "qty": 1819}], "symbol": "OZV", "venue": "XWGEX", "ts": "2016-04-27T02:49:47.711188352Z"}, {"ok": true, "asks": [{"price": 2404, "isBuy": false, "qty": 8180}, {"price": 2415, "isBuy": false, "qty": 8180}, {"price": 2426, "isBuy": false, "qty": 8180}], "bids": [{"price": 2382, "isBuy": true, "qty": 1819}, {"price": 2371, "isBuy": true, "qty": 1819}, {"price": 2360, "isBuy": true, "qty": 1819}], "symbol": "OZV", "venue": "XWGEX", "ts": "2016-04-27T02:49:50.491914349Z"}, {"ok": true, "asks": null, "bids": [{"price": 2309, "isBuy": true, "qty": 1616}, {"price": 2298, "isBuy": true, "qty": 1616}, {"price": 2287, "isBuy": true, "qty": 1616}], "symbol": "OZV", "venue": "XWGEX", "ts": "2016-04-27T02:49:53.862309636Z"}, {"ok": true, "asks": [{"price": 2294, "isBuy": false, "qty": 8868}, {"price": 2305, "isBuy": false, "qty": 8868}, {"price": 2316, "isBuy": false, "qty": 8868}], "bids": [{"price": 1461, "isBuy": true, "qty": 181713}, {"price": 1440, "isBuy": true, "qty": 1131}, {"price": 1433, "isBuy": true, "qty": 1131}, {"price": 1426, "isBuy": true, "qty": 1131}], "symbol": "OZV", "venue": "XWGEX", "ts": "2016-04-27T02:49:57.422082182Z"}, {"ok": true, "asks": [{"price": 2294, "isBuy": false, "qty": 8868}, {"price": 2305, "isBuy": false, "qty": 8868}, {"price": 2316, "isBuy": false, "qty": 8868}], "bids": [{"price": 1468, "isBuy": true, "qty": 990}, {"price": 1461, "isBuy": true, "qty": 181713}, {"price": 1440, "isBuy": true, "qty": 1131}, {"price": 1433, "isBuy": true, "qty": 1131}, {"price": 1426, "isBuy": true, "qty": 1131}], "symbol": "OZV", "venue": "XWGEX", "ts": "2016-04-27T02:50:00.908283Z"}, {"ok": true, "asks": [{"price": 2294, "isBuy": false, "qty": 8868}, {"price": 2305, "isBuy": false, "qty": 8868}, {"price": 2316, "isBuy": false, "qty": 8868}], "bids": [{"price": 1468, "isBuy": true, "qty": 990}, {"price": 1461, "isBuy": true, "qty": 181713}, {"price": 1440, "isBuy": true, "qty": 1131}, {"price": 1433, "isBuy": true, "qty": 1131}, {"price": 1426, "isBuy": true, "qty": 1131}], "symbol": "OZV", "venue": "XWGEX", "ts": "2016-04-27T02:50:01.236522946Z"}, {"ok": true, "asks": [{"price": 2324, "isBuy": false, "qty": 8472}, {"price": 2335, "isBuy": false, "qty": 8472}, {"price": 2346, "isBuy": false, "qty": 8472}], "bids": [{"price": 1468, "isBuy": true, "qty": 990}], "symbol": "OZV", "venue": "XWGEX", "ts": "2016-04-27T02:50:02.498975431Z"}, {"ok": true, "asks": [{"price": 2324, "isBuy": false, "qty": 8472}, {"price": 2335, "isBuy": false, "qty": 8472}, {"price": 2346, "isBuy": false, "qty": 8472}], "bids": [{"price": 1490, "isBuy": true, "qty": 990}], "symbol": "OZV", "venue": "XWGEX", "ts": "2016-04-27T02:50:04.646171262Z"}, {"ok": true, "asks": [{"price": 2324, "isBuy": false, "qty": 8472}, {"price": 2335, "isBuy": false, "qty": 8472}, {"price": 2346, "isBuy": false, "qty": 8472}], "bids": [{"price": 1490, "isBuy": true, "qty": 990}], "symbol": "OZV", "venue": "XWGEX", "ts": "2016-04-27T02:50:05.438287849Z"}, {"ok": true, "asks": [{"price": 2385, "isBuy": false, "qty": 8322}, {"price": 2396, "isBuy": false, "qty": 8322}, {"price": 2407, "isBuy": false, "qty": 8322}], "bids": null, "symbol": "OZV", "venue": "XWGEX", "ts": "2016-04-27T02:50:07.558343336Z"}, {"ok": true, "asks": [{"price": 2385, "isBuy": false, "qty": 8322}, {"price": 2396, "isBuy": false, "qty": 8322}, {"price": 2407, "isBuy": false, "qty": 8322}], "bids": null, "symbol": "OZV", "venue": "XWGEX", "ts": "2016-04-27T02:50:10.936747927Z"}, {"ok": true, "asks": [{"price": 2388, "isBuy": false, "qty": 8453}, {"price": 2399, "isBuy": false, "qty": 8453}, {"price": 2410, "isBuy": false, "qty": 8453}], "bids": [{"price": 2344, "isBuy": true, "qty": 1253}], "symbol": "OZV", "venue": "XWGEX", "ts": "2016-04-27T02:50:14.341546445Z"}, {"ok": true, "asks": [{"price": 2464, "isBuy": false, "qty": 8926}, {"price": 2476, "isBuy": false, "qty": 8926}, {"price": 2488, "isBuy": false, "qty": 8926}], "bids": [{"price": 2446, "isBuy": true, "qty": 357}, {"price": 2440, "isBuy": true, "qty": 937}, {"price": 2428, "isBuy": true, "qty": 937}, {"price": 2416, "isBuy": true, "qty": 937}], "symbol": "OZV", "venue": "XWGEX", "ts": "2016-04-27T02:50:17.750035244Z"}, {"ok": true, "asks": [{"price": 2464, "isBuy": false, "qty": 8926}, {"price": 2476, "isBuy": false, "qty": 8926}, {"price": 2488, "isBuy": false, "qty": 8926}], "bids": [{"price": 2446, "isBuy": true, "qty": 357}, {"price": 2440, "isBuy": true, "qty": 937}, {"price": 2428, "isBuy": true, "qty": 937}, {"price": 2416, "isBuy": true, "qty": 937}], "symbol": "OZV", "venue": "XWGEX", "ts": "2016-04-27T02:50:21.181052865Z"}, {"ok": true, "asks": [{"price": 2455, "isBuy": false, "qty": 9188}, {"price": 2467, "isBuy": false, "qty": 9188}, {"price": 2479, "isBuy": false, "qty": 9188}], "bids": null, "symbol": "OZV", "venue": "XWGEX", "ts": "2016-04-27T02:50:24.978144967Z"}, {"ok": true, "asks": [{"price": 2331, "isBuy": false, "qty": 127}, {"price": 2370, "isBuy": false, "qty": 9402}, {"price": 2381, "isBuy": false, "qty": 9402}, {"price": 2392, "isBuy": false, "qty": 9402}], "bids": [{"price": 2320, "isBuy": true, "qty": 597}, {"price": 2309, "isBuy": true, "qty": 597}, {"price": 2298, "isBuy": true, "qty": 597}], "symbol": "OZV", "venue": "XWGEX", "ts": "2016-04-27T02:50:28.175284234Z"}, {"ok": true, "asks": [{"price": 2331, "isBuy": false, "qty": 127}, {"price": 2370, "isBuy": false, "qty": 9402}, {"price": 2381, "isBuy": false, "qty": 9402}, {"price": 2392, "isBuy": false, "qty": 9402}], "bids": [{"price": 2320, "isBuy": true, "qty": 597}, {"price": 2309, "isBuy": true, "qty": 597}, {"price": 2298, "isBuy": true, "qty": 597}], "symbol": "OZV", "venue": "XWGEX", "ts": "2016-04-27T02:50:31.563791918Z"}, {"ok": true, "asks": [{"price": 2393, "isBuy": false, "qty": 9260}, {"price": 2404, "isBuy": false, "qty": 9260}, {"price": 2415, "isBuy": false, "qty": 9260}], "bids": null, "symbol": "OZV", "venue": "XWGEX", "ts": "2016-04-27T02:50:34.987591674Z"}, {"ok": true, "asks": [{"price": 2329, "isBuy": false, "qty": 9087}, {"price": 2340, "isBuy": false, "qty": 9087}, {"price": 2351, "isBuy": false, "qty": 9087}], "bids": [{"price": 2204, "isBuy": true, "qty": 912}, {"price": 2193, "isBuy": true, "qty": 912}, {"price": 2182, "isBuy": true, "qty": 912}], "symbol": "OZV", "venue": "XWGEX", "ts": "2016-04-27T02:50:38.632001124Z"}, {"ok": true, "asks": [{"price": 2260, "isBuy": false, "qty": 8699}, {"price": 2271, "isBuy": false, "qty": 8699}, {"price": 2282, "isBuy": false, "qty": 8699}], "bids": [{"price": 2238, "isBuy": true, "qty": 1232}, {"price": 2236, "isBuy": true, "qty": 264}, {"price": 2227, "isBuy": true, "qty": 1232}, {"price": 2216, "isBuy": true, "qty": 1232}], "symbol": "OZV", "venue": "XWGEX", "ts": "2016-04-27T02:50:42.577470432Z"}, {"ok": true, "asks": [{"price": 2260, "isBuy": false, "qty": 8699}, {"price": 2271, "isBuy": false, "qty": 8699}, {"price": 2282, "isBuy": false, "qty": 8699}], "bids": [{"price": 2238, "isBuy": true, "qty": 1232}, {"price": 2236, "isBuy": true, "qty": 264}, {"price": 2227, "isBuy": true, "qty": 1232}, {"price": 2216, "isBuy": true, "qty": 1232}], "symbol": "OZV", "venue": "XWGEX", "ts": "2016-04-27T02:50:42.718242514Z"}, {"ok": true, "asks": [{"price": 2260, "isBuy": false, "qty": 8699}, {"price": 2271, "isBuy": false, "qty": 8699}, {"price": 2282, "isBuy": false, "qty": 8699}], "bids": [{"price": 2238, "isBuy": true, "qty": 1232}, {"price": 2236, "isBuy": true, "qty": 264}, {"price": 2227, "isBuy": true, "qty": 1232}, {"price": 2216, "isBuy": true, "qty": 1232}], "symbol": "OZV", "venue": "XWGEX", "ts": "2016-04-27T02:50:44.336769012Z"}, {"ok": true, "asks": [{"price": 2260, "isBuy": false, "qty": 8204}, {"price": 2271, "isBuy": false, "qty": 8699}, {"price": 2282, "isBuy": false, "qty": 8699}], "bids": [{"price": 2238, "isBuy": true, "qty": 1232}, {"price": 2236, "isBuy": true, "qty": 264}, {"price": 2227, "isBuy": true, "qty": 1232}, {"price": 2216, "isBuy": true, "qty": 1232}], "symbol": "OZV", "venue": "XWGEX", "ts": "2016-04-27T02:50:45.833191564Z"}, {"ok": true, "asks": [{"price": 2260, "isBuy": false, "qty": 8204}, {"price": 2271, "isBuy": false, "qty": 8699}, {"price": 2282, "isBuy": false, "qty": 8699}], "bids": [{"price": 2238, "isBuy": true, "qty": 1232}, {"price": 2236, "isBuy": true, "qty": 264}, {"price": 2227, "isBuy": true, "qty": 1232}, {"price": 2216, "isBuy": true, "qty": 1232}], "symbol": "OZV", "venue": "XWGEX", "ts": "2016-04-27T02:50:46.383884182Z"}, {"ok": true, "asks": [{"price": 2260, "isBuy": false, "qty": 8204}, {"price": 2271, "isBuy": false, "qty": 8699}, {"price": 2282, "isBuy": false, "qty": 8699}], "bids": [{"price": 2238, "isBuy": true, "qty": 1232}, {"price": 2236, "isBuy": true, "qty": 264}, {"price": 2227, "isBuy": true, "qty": 1232}, {"price": 2216, "isBuy": true, "qty": 1232}], "symbol": "OZV", "venue": "XWGEX", "ts": "2016-04-27T02:50:47.260411668Z"}, {"ok": true, "asks": [{"price": 2262, "isBuy": false, "qty": 8468}, {"price": 2273, "isBuy": false, "qty": 8468}, {"price": 2284, "isBuy": false, "qty": 8468}], "bids": [{"price": 2240, "isBuy": true, "qty": 1426}, {"price": 2229, "isBuy": true, "qty": 1426}, {"price": 2218, "isBuy": true, "qty": 1426}], "symbol": "OZV", "venue": "XWGEX", "ts": "2016-04-27T02:50:48.896226334Z"}, {"ok": true, "asks": [{"price": 2278, "isBuy": false, "qty": 8528}, {"price": 2289, "isBuy": false, "qty": 8528}, {"price": 2300, "isBuy": false, "qty": 8528}], "bids": null, "symbol": "OZV", "venue": "XWGEX", "ts": "2016-04-27T02:50:52.985703839Z"}, {"ok": true, "asks": [{"price": 2243, "isBuy": false, "qty": 375}, {"price": 2278, "isBuy": false, "qty": 8528}, {"price": 2289, "isBuy": false, "qty": 8528}, {"price": 2300, "isBuy": false, "qty": 8528}], "bids": null, "symbol": "OZV", "venue": "XWGEX", "ts": "2016-04-27T02:50:56.375694461Z"}, {"ok": true, "asks": [{"price": 2243, "isBuy": false, "qty": 375}, {"price": 2278, "isBuy": false, "qty": 8528}, {"price": 2289, "isBuy": false, "qty": 8528}, {"price": 2300, "isBuy": false, "qty": 8528}], "bids": null, "symbol": "OZV", "venue": "XWGEX", "ts": "2016-04-27T02:50:56.431006373Z"}, {"ok": true, "asks": [{"price": 2247, "isBuy": false, "qty": 8295}, {"price": 2258, "isBuy": false, "qty": 8295}, {"price": 2269, "isBuy": false, "qty": 8295}], "bids": [{"price": 2225, "isBuy": true, "qty": 1705}, {"price": 2214, "isBuy": true, "qty": 1705}, {"price": 2203, "isBuy": true, "qty": 1705}], "symbol": "OZV", "venue": "XWGEX", "ts": "2016-04-27T02:50:59.698768232Z"}, {"ok": true, "asks": [{"price": 2389, "isBuy": false, "qty": 8123}, {"price": 2400, "isBuy": false, "qty": 8123}, {"price": 2411, "isBuy": false, "qty": 8123}], "bids": [{"price": 2367, "isBuy": true, "qty": 1819}, {"price": 2356, "isBuy": true, "qty": 1819}, {"price": 2345, "isBuy": true, "qty": 1819}, {"price": 2258, "isBuy": true, "qty": 811}], "symbol": "OZV", "venue": "XWGEX", "ts": "2016-04-27T02:51:03.77169566Z"}, {"ok": true, "asks": [{"price": 2389, "isBuy": false, "qty": 8123}, {"price": 2400, "isBuy": false, "qty": 8123}, {"price": 2411, "isBuy": false, "qty": 8123}], "bids": [{"price": 2367, "isBuy": true, "qty": 1819}, {"price": 2356, "isBuy": true, "qty": 1819}, {"price": 2345, "isBuy": true, "qty": 1819}, {"price": 2258, "isBuy": true, "qty": 811}], "symbol": "OZV", "venue": "XWGEX", "ts": "2016-04-27T02:51:04.386619417Z"}, {"ok": true, "asks": [{"price": 2389, "isBuy": false, "qty": 8123}, {"price": 2400, "isBuy": false, "qty": 8123}, {"price": 2411, "isBuy": false, "qty": 8123}], "bids": [{"price": 2367, "isBuy": true, "qty": 1819}, {"price": 2356, "isBuy": true, "qty": 1819}, {"price": 2345, "isBuy": true, "qty": 1819}, {"price": 2258, "isBuy": true, "qty": 811}], "symbol": "OZV", "venue": "XWGEX", "ts": "2016-04-27T02:51:06.058120652Z"}, {"ok": true, "asks": [{"price": 2389, "isBuy": false, "qty": 8123}, {"price": 2400, "isBuy": false, "qty": 8123}, {"price": 2411, "isBuy": false, "qty": 8123}], "bids": [{"price": 2367, "isBuy": true, "qty": 1819}, {"price": 2356, "isBuy": true, "qty": 1819}, {"price": 2345, "isBuy": true, "qty": 1819}, {"price": 2258, "isBuy": true, "qty": 811}], "symbol": "OZV", "venue": "XWGEX", "ts": "2016-04-27T02:51:11.526788177Z"}, {"ok": true, "asks": null, "bids": [{"price": 2343, "isBuy": true, "qty": 86}, {"price": 2332, "isBuy": true, "qty": 86}, {"price": 2321, "isBuy": true, "qty": 1449}, {"price": 2258, "isBuy": true, "qty": 811}], "symbol": "OZV", "venue": "XWGEX", "ts": "2016-04-27T02:51:12.105204353Z"}, {"ok": true, "asks": [{"price": 2403, "isBuy": false, "qty": 8712}, {"price": 2414, "isBuy": false, "qty": 8712}, {"price": 2425, "isBuy": false, "qty": 8712}], "bids": [{"price": 2313, "isBuy": true, "qty": 1287}, {"price": 2302, "isBuy": true, "qty": 1287}, {"price": 2291, "isBuy": true, "qty": 1287}], "symbol": "OZV", "venue": "XWGEX", "ts": "2016-04-27T02:51:12.841455323Z"}, {"ok": true, "asks": [{"price": 2249, "isBuy": false, "qty": 6318}, {"price": 2260, "isBuy": false, "qty": 6318}, {"price": 2271, "isBuy": false, "qty": 6318}, {"price": 2870, "isBuy": false, "qty": 189494}], "bids": [{"price": 2227, "isBuy": true, "qty": 973}, {"price": 2216, "isBuy": true, "qty": 973}, {"price": 2205, "isBuy": true, "qty": 973}], "symbol": "OZV", "venue": "XWGEX", "ts": "2016-04-27T02:51:17.60905807Z"}, {"ok": true, "asks": [{"price": 2249, "isBuy": false, "qty": 5616}, {"price": 2260, "isBuy": false, "qty": 6318}, {"price": 2271, "isBuy": false, "qty": 6318}, {"price": 2870, "isBuy": false, "qty": 189494}], "bids": [{"price": 2227, "isBuy": true, "qty": 973}, {"price": 2216, "isBuy": true, "qty": 973}, {"price": 2205, "isBuy": true, "qty": 973}], "symbol": "OZV", "venue": "XWGEX", "ts": "2016-04-27T02:51:20.932684316Z"}, {"ok": true, "asks": [{"price": 2293, "isBuy": false, "qty": 6221}, {"price": 2304, "isBuy": false, "qty": 6221}, {"price": 2315, "isBuy": false, "qty": 6221}], "bids": [{"price": 2260, "isBuy": true, "qty": 351}], "symbol": "OZV", "venue": "XWGEX", "ts": "2016-04-27T02:51:24.743238375Z"}, {"ok": true, "asks": [{"price": 2293, "isBuy": false, "qty": 6221}, {"price": 2304, "isBuy": false, "qty": 6221}, {"price": 2315, "isBuy": false, "qty": 6221}], "bids": [{"price": 2260, "isBuy": true, "qty": 351}], "symbol": "OZV", "venue": "XWGEX", "ts": "2016-04-27T02:51:25.078384593Z"}, {"ok": true, "asks": null, "bids": [{"price": 2245, "isBuy": true, "qty": 218}, {"price": 2145, "isBuy": true, "qty": 3745}, {"price": 2135, "isBuy": true, "qty": 3745}, {"price": 2125, "isBuy": true, "qty": 3745}], "symbol": "OZV", "venue": "XWGEX", "ts": "2016-04-27T02:51:27.885802332Z"}, {"ok": true, "asks": null, "bids": [{"price": 2245, "isBuy": true, "qty": 218}, {"price": 2187, "isBuy": true, "qty": 351}, {"price": 2145, "isBuy": true, "qty": 3745}, {"price": 2135, "isBuy": true, "qty": 3745}, {"price": 2125, "isBuy": true, "qty": 3745}], "symbol": "OZV", "venue": "XWGEX", "ts": "2016-04-27T02:51:32.140365353Z"}, {"ok": true, "asks": null, "bids": [{"price": 2245, "isBuy": true, "qty": 218}, {"price": 2187, "isBuy": true, "qty": 351}, {"price": 2145, "isBuy": true, "qty": 3745}, {"price": 2135, "isBuy": true, "qty": 3745}, {"price": 2125, "isBuy": true, "qty": 3745}], "symbol": "OZV", "venue": "XWGEX", "ts": "2016-04-27T02:51:32.21354968Z"}, {"ok": true, "asks": null, "bids": [{"price": 2154, "isBuy": true, "qty": 3745}, {"price": 2144, "isBuy": true, "qty": 3745}, {"price": 2134, "isBuy": true, "qty": 3745}], "symbol": "OZV", "venue": "XWGEX", "ts": "2016-04-27T02:51:35.727682616Z"}, {"ok": true, "asks": [{"price": 2192, "isBuy": false, "qty": 4666}, {"price": 2202, "isBuy": false, "qty": 5437}, {"price": 2212, "isBuy": false, "qty": 5437}], "bids": [{"price": 2172, "isBuy": true, "qty": 4562}, {"price": 2162, "isBuy": true, "qty": 4562}, {"price": 2152, "isBuy": true, "qty": 4562}], "symbol": "OZV", "venue": "XWGEX", "ts": "2016-04-27T02:51:40.748447538Z"}, {"ok": true, "asks": [{"price": 2312, "isBuy": false, "qty": 4904}, {"price": 2323, "isBuy": false, "qty": 4904}, {"price": 2334, "isBuy": false, "qty": 4904}], "bids": null, "symbol": "OZV", "venue": "XWGEX", "ts": "2016-04-27T02:51:46.854409078Z"}, {"ok": true, "asks": [{"price": 2276, "isBuy": false, "qty": 823}], "bids": [{"price": 2203, "isBuy": true, "qty": 4572}, {"price": 2192, "isBuy": true, "qty": 4572}, {"price": 2181, "isBuy": true, "qty": 4572}], "symbol": "OZV", "venue": "XWGEX", "ts": "2016-04-27T02:51:56.220289392Z"}, {"ok": true, "asks": [{"price": 2276, "isBuy": false, "qty": 823}], "bids": [{"price": 2203, "isBuy": true, "qty": 4572}, {"price": 2192, "isBuy": true, "qty": 4572}, {"price": 2181, "isBuy": true, "qty": 4572}], "symbol": "OZV", "venue": "XWGEX", "ts": "2016-04-27T02:51:56.24896775Z"}, {"ok": true, "asks": null, "bids": [{"price": 2234, "isBuy": true, "qty": 485}, {"price": 2149, "isBuy": true, "qty": 4385}, {"price": 2139, "isBuy": true, "qty": 4385}, {"price": 2129, "isBuy": true, "qty": 4385}], "symbol": "OZV", "venue": "XWGEX", "ts": "2016-04-27T02:51:59.958561138Z"}, {"ok": true, "asks": [{"price": 2251, "isBuy": false, "qty": 5408}, {"price": 2262, "isBuy": false, "qty": 5428}, {"price": 2273, "isBuy": false, "qty": 5428}], "bids": [{"price": 2227, "isBuy": true, "qty": 817}, {"price": 2158, "isBuy": true, "qty": 4443}, {"price": 2148, "isBuy": true, "qty": 4443}, {"price": 2138, "isBuy": true, "qty": 4443}], "symbol": "OZV", "venue": "XWGEX", "ts": "2016-04-27T02:52:08.806437962Z"}, {"ok": true, "asks": [{"price": 2228, "isBuy": false, "qty": 696}, {"price": 2262, "isBuy": false, "qty": 5551}, {"price": 2273, "isBuy": false, "qty": 5551}, {"price": 2284, "isBuy": false, "qty": 5551}], "bids": [{"price": 2168, "isBuy": true, "qty": 4445}], "symbol": "OZV", "venue": "XWGEX", "ts": "2016-04-27T02:52:14.14779115Z"}, {"ok": true, "asks": [{"price": 2276, "isBuy": false, "qty": 5451}, {"price": 2287, "isBuy": false, "qty": 5451}, {"price": 2298, "isBuy": false, "qty": 5451}], "bids": null, "symbol": "OZV", "venue": "XWGEX", "ts": "2016-04-27T02:52:18.50612584Z"}, {"ok": true, "asks": [{"price": 2211, "isBuy": false, "qty": 5234}, {"price": 2222, "isBuy": false, "qty": 5234}, {"price": 2233, "isBuy": false, "qty": 5234}, {"price": 2241, "isBuy": false, "qty": 823}], "bids": [{"price": 2085, "isBuy": true, "qty": 4765}, {"price": 2075, "isBuy": true, "qty": 4765}, {"price": 2065, "isBuy": true, "qty": 4765}], "symbol": "OZV", "venue": "XWGEX", "ts": "2016-04-27T02:52:24.074566835Z"}, {"ok": true, "asks": [{"price": 2211, "isBuy": false, "qty": 5234}, {"price": 2222, "isBuy": false, "qty": 5234}, {"price": 2233, "isBuy": false, "qty": 5234}, {"price": 2241, "isBuy": false, "qty": 823}], "bids": [{"price": 2085, "isBuy": true, "qty": 4765}, {"price": 2075, "isBuy": true, "qty": 4765}, {"price": 2065, "isBuy": true, "qty": 4765}], "symbol": "OZV", "venue": "XWGEX", "ts": "2016-04-27T02:52:24.471987901Z"}, {"ok": true, "asks": [{"price": 2211, "isBuy": false, "qty": 5234}, {"price": 2222, "isBuy": false, "qty": 5234}, {"price": 2233, "isBuy": false, "qty": 5234}, {"price": 2241, "isBuy": false, "qty": 823}], "bids": [{"price": 2085, "isBuy": true, "qty": 4765}, {"price": 2075, "isBuy": true, "qty": 4765}, {"price": 2065, "isBuy": true, "qty": 4765}], "symbol": "OZV", "venue": "XWGEX", "ts": "2016-04-27T02:52:26.678242452Z"}, {"ok": true, "asks": [{"price": 2211, "isBuy": false, "qty": 5234}, {"price": 2222, "isBuy": false, "qty": 5234}, {"price": 2233, "isBuy": false, "qty": 5234}, {"price": 2241, "isBuy": false, "qty": 823}], "bids": [{"price": 2085, "isBuy": true, "qty": 4765}, {"price": 2075, "isBuy": true, "qty": 4765}, {"price": 2065, "isBuy": true, "qty": 4765}], "symbol": "OZV", "venue": "XWGEX", "ts": "2016-04-27T02:52:26.889924985Z"}, {"ok": true, "asks": [{"price": 2144, "isBuy": false, "qty": 4935}, {"price": 2154, "isBuy": false, "qty": 4935}, {"price": 2164, "isBuy": false, "qty": 4935}, {"price": 2171, "isBuy": false, "qty": 952}, {"price": 2241, "isBuy": false, "qty": 823}], "bids": [{"price": 2124, "isBuy": true, "qty": 3618}, {"price": 2114, "isBuy": true, "qty": 5064}, {"price": 2104, "isBuy": true, "qty": 4735}], "symbol": "OZV", "venue": "XWGEX", "ts": "2016-04-27T02:52:28.87020177Z"}, {"ok": true, "asks": [{"price": 2144, "isBuy": false, "qty": 4935}, {"price": 2154, "isBuy": false, "qty": 4935}, {"price": 2164, "isBuy": false, "qty": 4935}, {"price": 2171, "isBuy": false, "qty": 952}, {"price": 2241, "isBuy": false, "qty": 823}], "bids": [{"price": 2124, "isBuy": true, "qty": 3618}, {"price": 2114, "isBuy": true, "qty": 5064}, {"price": 2104, "isBuy": true, "qty": 4735}], "symbol": "OZV", "venue": "XWGEX", "ts": "2016-04-27T02:52:30.305620657Z"}, {"ok": true, "asks": [{"price": 2144, "isBuy": false, "qty": 4935}, {"price": 2154, "isBuy": false, "qty": 4935}, {"price": 2164, "isBuy": false, "qty": 4935}, {"price": 2171, "isBuy": false, "qty": 952}, {"price": 2241, "isBuy": false, "qty": 823}], "bids": [{"price": 2124, "isBuy": true, "qty": 3618}, {"price": 2114, "isBuy": true, "qty": 5064}, {"price": 2104, "isBuy": true, "qty": 4735}], "symbol": "OZV", "venue": "XWGEX", "ts": "2016-04-27T02:52:30.683736147Z"}, {"ok": true, "asks": [{"price": 2146, "isBuy": false, "qty": 4712}, {"price": 2156, "isBuy": false, "qty": 4712}, {"price": 2166, "isBuy": false, "qty": 4712}, {"price": 2241, "isBuy": false, "qty": 823}], "bids": [{"price": 2126, "isBuy": true, "qty": 5080}, {"price": 2116, "isBuy": true, "qty": 5080}, {"price": 2106, "isBuy": true, "qty": 5080}], "symbol": "OZV", "venue": "XWGEX", "ts": "2016-04-27T02:52:33.192323481Z"}, {"ok": true, "asks": [{"price": 2146, "isBuy": false, "qty": 4712}, {"price": 2156, "isBuy": false, "qty": 4712}, {"price": 2166, "isBuy": false, "qty": 4712}, {"price": 2241, "isBuy": false, "qty": 823}], "bids": [{"price": 2126, "isBuy": true, "qty": 5080}, {"price": 2116, "isBuy": true, "qty": 5080}, {"price": 2106, "isBuy": true, "qty": 5080}], "symbol": "OZV", "venue": "XWGEX", "ts": "2016-04-27T02:52:34.908028528Z"}, {"ok": true, "asks": [{"price": 2146, "isBuy": false, "qty": 4712}, {"price": 2156, "isBuy": false, "qty": 4712}, {"price": 2166, "isBuy": false, "qty": 4712}, {"price": 2241, "isBuy": false, "qty": 823}], "bids": [{"price": 2126, "isBuy": true, "qty": 5080}, {"price": 2116, "isBuy": true, "qty": 5080}, {"price": 2106, "isBuy": true, "qty": 5080}], "symbol": "OZV", "venue": "XWGEX", "ts": "2016-04-27T02:52:35.576445702Z"}, {"ok": true, "asks": [{"price": 2241, "isBuy": false, "qty": 823}], "bids": [{"price": 2082, "isBuy": true, "qty": 5564}, {"price": 2072, "isBuy": true, "qty": 5564}, {"price": 2062, "isBuy": true, "qty": 5564}], "symbol": "OZV", "venue": "XWGEX", "ts": "2016-04-27T02:52:37.685868819Z"}, {"ok": true, "asks": null, "bids": [{"price": 2082, "isBuy": true, "qty": 5564}, {"price": 2072, "isBuy": true, "qty": 5564}, {"price": 2062, "isBuy": true, "qty": 5564}], "symbol": "OZV", "venue": "XWGEX", "ts": "2016-04-27T02:52:38.582539589Z"}, {"ok": true, "asks": null, "bids": [{"price": 2082, "isBuy": true, "qty": 5564}, {"price": 2072, "isBuy": true, "qty": 5564}, {"price": 2062, "isBuy": true, "qty": 5564}], "symbol": "OZV", "venue": "XWGEX", "ts": "2016-04-27T02:52:42.125664535Z"}, {"ok": true, "asks": [{"price": 2244, "isBuy": false, "qty": 4334}, {"price": 2255, "isBuy": false, "qty": 4334}, {"price": 2266, "isBuy": false, "qty": 4334}], "bids": [{"price": 2080, "isBuy": true, "qty": 5441}, {"price": 2070, "isBuy": true, "qty": 5441}, {"price": 2060, "isBuy": true, "qty": 5441}], "symbol": "OZV", "venue": "XWGEX", "ts": "2016-04-27T02:52:45.78674028Z"}, {"ok": true, "asks": [{"price": 2118, "isBuy": false, "qty": 4375}, {"price": 2128, "isBuy": false, "qty": 4375}, {"price": 2131, "isBuy": false, "qty": 15}, {"price": 2138, "isBuy": false, "qty": 4375}, {"price": 2209, "isBuy": false, "qty": 823}], "bids": [{"price": 2098, "isBuy": true, "qty": 5441}, {"price": 2088, "isBuy": true, "qty": 5441}, {"price": 2078, "isBuy": true, "qty": 5441}], "symbol": "OZV", "venue": "XWGEX", "ts": "2016-04-27T02:52:49.489640972Z"}, {"ok": true, "asks": [{"price": 2118, "isBuy": false, "qty": 4375}, {"price": 2128, "isBuy": false, "qty": 4375}, {"price": 2131, "isBuy": false, "qty": 15}, {"price": 2138, "isBuy": false, "qty": 4375}, {"price": 2209, "isBuy": false, "qty": 823}], "bids": [{"price": 2098, "isBuy": true, "qty": 5441}, {"price": 2088, "isBuy": true, "qty": 5441}, {"price": 2078, "isBuy": true, "qty": 5441}], "symbol": "OZV", "venue": "XWGEX", "ts": "2016-04-27T02:52:50.55453512Z"}, {"ok": true, "asks": [{"price": 2209, "isBuy": false, "qty": 253}, {"price": 2242, "isBuy": false, "qty": 4370}, {"price": 2253, "isBuy": false, "qty": 4370}, {"price": 2264, "isBuy": false, "qty": 4370}], "bids": [{"price": 2145, "isBuy": true, "qty": 550}, {"price": 2108, "isBuy": true, "qty": 5630}, {"price": 2098, "isBuy": true, "qty": 189}, {"price": 2088, "isBuy": true, "qty": 189}], "symbol": "OZV", "venue": "XWGEX", "ts": "2016-04-27T02:52:52.378129807Z"}, {"ok": true, "asks": [{"price": 2209, "isBuy": false, "qty": 253}, {"price": 2242, "isBuy": false, "qty": 4735}, {"price": 2253, "isBuy": false, "qty": 4735}, {"price": 2264, "isBuy": false, "qty": 4735}], "bids": null, "symbol": "OZV", "venue": "XWGEX", "ts": "2016-04-27T02:52:52.641895741Z"}, {"ok": true, "asks": [{"price": 2209, "isBuy": false, "qty": 253}, {"price": 2242, "isBuy": false, "qty": 4735}, {"price": 2253, "isBuy": false, "qty": 4735}, {"price": 2264, "isBuy": false, "qty": 4735}], "bids": null, "symbol": "OZV", "venue": "XWGEX", "ts": "2016-04-27T02:52:53.833906732Z"}, {"ok": true, "asks": [{"price": 2209, "isBuy": false, "qty": 253}, {"price": 2242, "isBuy": false, "qty": 4735}, {"price": 2253, "isBuy": false, "qty": 4735}, {"price": 2264, "isBuy": false, "qty": 4735}], "bids": null, "symbol": "OZV", "venue": "XWGEX", "ts": "2016-04-27T02:52:55.369464642Z"}, {"ok": true, "asks": [{"price": 2197, "isBuy": false, "qty": 412}, {"price": 2209, "isBuy": false, "qty": 253}, {"price": 2242, "isBuy": false, "qty": 4735}, {"price": 2253, "isBuy": false, "qty": 4735}, {"price": 2264, "isBuy": false, "qty": 4735}], "bids": null, "symbol": "OZV", "venue": "XWGEX", "ts": "2016-04-27T02:52:56.564590807Z"}, {"ok": true, "asks": [{"price": 2197, "isBuy": false, "qty": 412}, {"price": 2209, "isBuy": false, "qty": 253}, {"price": 2242, "isBuy": false, "qty": 4735}, {"price": 2253, "isBuy": false, "qty": 4735}, {"price": 2264, "isBuy": false, "qty": 4735}], "bids": null, "symbol": "OZV", "venue": "XWGEX", "ts": "2016-04-27T02:52:56.830781479Z"}, {"ok": true, "asks": [{"price": 2197, "isBuy": false, "qty": 412}, {"price": 2209, "isBuy": false, "qty": 253}, {"price": 2242, "isBuy": false, "qty": 4735}, {"price": 2253, "isBuy": false, "qty": 4735}, {"price": 2264, "isBuy": false, "qty": 4735}], "bids": null, "symbol": "OZV", "venue": "XWGEX", "ts": "2016-04-27T02:52:56.992674603Z"}, {"ok": true, "asks": [{"price": 2256, "isBuy": false, "qty": 4845}, {"price": 2267, "isBuy": false, "qty": 4845}, {"price": 2278, "isBuy": false, "qty": 4845}], "bids": null, "symbol": "OZV", "venue": "XWGEX", "ts": "2016-04-27T02:52:59.50289138Z"}, {"ok": true, "asks": [{"price": 2197, "isBuy": false, "qty": 5594}, {"price": 2207, "isBuy": false, "qty": 5328}, {"price": 2217, "isBuy": false, "qty": 5328}], "bids": [{"price": 2076, "isBuy": true, "qty": 4405}, {"price": 2066, "isBuy": true, "qty": 4405}, {"price": 2056, "isBuy": true, "qty": 4405}], "symbol": "OZV", "venue": "XWGEX", "ts": "2016-04-27T02:53:03.277414431Z"}, {"ok": true, "asks": [{"price": 2197, "isBuy": false, "qty": 5594}, {"price": 2207, "isBuy": false, "qty": 5328}, {"price": 2217, "isBuy": false, "qty": 5328}], "bids": [{"price": 2107, "isBuy": true, "qty": 793}, {"price": 2076, "isBuy": true, "qty": 4405}, {"price": 2066, "isBuy": true, "qty": 4405}, {"price": 2056, "isBuy": true, "qty": 4405}], "symbol": "OZV", "venue": "XWGEX", "ts": "2016-04-27T02:53:07.219471978Z"}, {"ok": true, "asks": [{"price": 2187, "isBuy": false, "qty": 5436}, {"price": 2197, "isBuy": false, "qty": 14}, {"price": 2207, "isBuy": false, "qty": 156}], "bids": [{"price": 2121, "isBuy": true, "qty": 4563}, {"price": 2111, "isBuy": true, "qty": 4563}, {"price": 2107, "isBuy": true, "qty": 216}, {"price": 2101, "isBuy": true, "qty": 4563}], "symbol": "OZV", "venue": "XWGEX", "ts": "2016-04-27T02:53:07.569343961Z"}, {"ok": true, "asks": [{"price": 2187, "isBuy": false, "qty": 5436}, {"price": 2197, "isBuy": false, "qty": 14}, {"price": 2207, "isBuy": false, "qty": 156}], "bids": [{"price": 2121, "isBuy": true, "qty": 4563}, {"price": 2111, "isBuy": true, "qty": 4563}, {"price": 2107, "isBuy": true, "qty": 216}, {"price": 2101, "isBuy": true, "qty": 4563}], "symbol": "OZV", "venue": "XWGEX", "ts": "2016-04-27T02:53:09.016635081Z"}, {"ok": true, "asks": [{"price": 2187, "isBuy": false, "qty": 5436}, {"price": 2197, "isBuy": false, "qty": 14}, {"price": 2207, "isBuy": false, "qty": 156}], "bids": [{"price": 2121, "isBuy": true, "qty": 4563}, {"price": 2117, "isBuy": true, "qty": 396}, {"price": 2111, "isBuy": true, "qty": 4563}, {"price": 2107, "isBuy": true, "qty": 216}, {"price": 2101, "isBuy": true, "qty": 4563}], "symbol": "OZV", "venue": "XWGEX", "ts": "2016-04-27T02:53:10.485664009Z"}, {"ok": true, "asks": [{"price": 2162, "isBuy": false, "qty": 494}, {"price": 2187, "isBuy": false, "qty": 5436}, {"price": 2197, "isBuy": false, "qty": 14}, {"price": 2207, "isBuy": false, "qty": 156}], "bids": [{"price": 2121, "isBuy": true, "qty": 4563}, {"price": 2117, "isBuy": true, "qty": 396}, {"price": 2111, "isBuy": true, "qty": 4563}, {"price": 2107, "isBuy": true, "qty": 216}, {"price": 2101, "isBuy": true, "qty": 4563}], "symbol": "OZV", "venue": "XWGEX", "ts": "2016-04-27T02:53:10.656043353Z"}, {"ok": true, "asks": [{"price": 2162, "isBuy": false, "qty": 494}, {"price": 2187, "isBuy": false, "qty": 5436}, {"price": 2197, "isBuy": false, "qty": 14}, {"price": 2207, "isBuy": false, "qty": 156}], "bids": [{"price": 2121, "isBuy": true, "qty": 4563}, {"price": 2117, "isBuy": true, "qty": 396}, {"price": 2111, "isBuy": true, "qty": 4563}, {"price": 2107, "isBuy": true, "qty": 216}, {"price": 2101, "isBuy": true, "qty": 4563}], "symbol": "OZV", "venue": "XWGEX", "ts": "2016-04-27T02:53:11.125165922Z"}, {"ok": true, "asks": [{"price": 2205, "isBuy": false, "qty": 5845}, {"price": 2215, "isBuy": false, "qty": 5845}, {"price": 2225, "isBuy": false, "qty": 5845}], "bids": [{"price": 2117, "isBuy": true, "qty": 396}, {"price": 2107, "isBuy": true, "qty": 216}], "symbol": "OZV", "venue": "XWGEX", "ts": "2016-04-27T02:53:16.512699834Z"}, {"ok": true, "asks": [{"price": 2205, "isBuy": false, "qty": 5845}, {"price": 2215, "isBuy": false, "qty": 5845}, {"price": 2225, "isBuy": false, "qty": 5845}], "bids": [{"price": 2117, "isBuy": true, "qty": 396}, {"price": 2107, "isBuy": true, "qty": 216}], "symbol": "OZV", "venue": "XWGEX", "ts": "2016-04-27T02:53:16.674849238Z"}, {"ok": true, "asks": [{"price": 2205, "isBuy": false, "qty": 5845}, {"price": 2215, "isBuy": false, "qty": 5845}, {"price": 2225, "isBuy": false, "qty": 5845}], "bids": [{"price": 2159, "isBuy": true, "qty": 445}, {"price": 2117, "isBuy": true, "qty": 396}, {"price": 2107, "isBuy": true, "qty": 216}], "symbol": "OZV", "venue": "XWGEX", "ts": "2016-04-27T02:53:16.841087876Z"}, {"ok": true, "asks": [{"price": 2169, "isBuy": false, "qty": 6162}, {"price": 2179, "isBuy": false, "qty": 6162}, {"price": 2189, "isBuy": false, "qty": 6162}], "bids": [{"price": 2123, "isBuy": true, "qty": 3192}, {"price": 2117, "isBuy": true, "qty": 396}, {"price": 2113, "isBuy": true, "qty": 3837}, {"price": 2107, "isBuy": true, "qty": 216}], "symbol": "OZV", "venue": "XWGEX", "ts": "2016-04-27T02:53:17.403991344Z"}, {"ok": true, "asks": null, "bids": [{"price": 2188, "isBuy": true, "qty": 710}, {"price": 2123, "isBuy": true, "qty": 3422}, {"price": 2117, "isBuy": true, "qty": 396}, {"price": 2113, "isBuy": true, "qty": 3422}, {"price": 2107, "isBuy": true, "qty": 216}], "symbol": "OZV", "venue": "XWGEX", "ts": "2016-04-27T02:53:18.300261672Z"}, {"ok": true, "asks": null, "bids": [{"price": 2188, "isBuy": true, "qty": 710}, {"price": 2123, "isBuy": true, "qty": 3422}, {"price": 2117, "isBuy": true, "qty": 396}, {"price": 2113, "isBuy": true, "qty": 3422}, {"price": 2107, "isBuy": true, "qty": 216}], "symbol": "OZV", "venue": "XWGEX", "ts": "2016-04-27T02:53:18.464194617Z"}, {"ok": true, "asks": null, "bids": [{"price": 2188, "isBuy": true, "qty": 710}, {"price": 2123, "isBuy": true, "qty": 3422}, {"price": 2117, "isBuy": true, "qty": 396}, {"price": 2113, "isBuy": true, "qty": 3422}, {"price": 2107, "isBuy": true, "qty": 216}], "symbol": "OZV", "venue": "XWGEX", "ts": "2016-04-27T02:53:20.361588287Z"}, {"ok": true, "asks": null, "bids": [{"price": 2188, "isBuy": true, "qty": 710}, {"price": 2123, "isBuy": true, "qty": 3422}, {"price": 2117, "isBuy": true, "qty": 396}, {"price": 2113, "isBuy": true, "qty": 3422}, {"price": 2107, "isBuy": true, "qty": 216}], "symbol": "OZV", "venue": "XWGEX", "ts": "2016-04-27T02:53:20.570744498Z"}, {"ok": true, "asks": null, "bids": [{"price": 2188, "isBuy": true, "qty": 5}, {"price": 2123, "isBuy": true, "qty": 3422}, {"price": 2117, "isBuy": true, "qty": 396}, {"price": 2113, "isBuy": true, "qty": 3422}, {"price": 2107, "isBuy": true, "qty": 216}], "symbol": "OZV", "venue": "XWGEX", "ts": "2016-04-27T02:53:21.510846015Z"}, {"ok": true, "asks": null, "bids": [{"price": 2188, "isBuy": true, "qty": 5}, {"price": 2123, "isBuy": true, "qty": 3422}, {"price": 2117, "isBuy": true, "qty": 396}, {"price": 2113, "isBuy": true, "qty": 3422}, {"price": 2107, "isBuy": true, "qty": 216}], "symbol": "OZV", "venue": "XWGEX", "ts": "2016-04-27T02:53:22.041547826Z"}, {"ok": true, "asks": null, "bids": [{"price": 2188, "isBuy": true, "qty": 5}, {"price": 2123, "isBuy": true, "qty": 3422}, {"price": 2117, "isBuy": true, "qty": 396}, {"price": 2113, "isBuy": true, "qty": 3422}, {"price": 2107, "isBuy": true, "qty": 216}], "symbol": "OZV", "venue": "XWGEX", "ts": "2016-04-27T02:53:22.21333844Z"}, {"ok": true, "asks": null, "bids": [{"price": 2117, "isBuy": true, "qty": 396}, {"price": 2107, "isBuy": true, "qty": 216}, {"price": 2053, "isBuy": true, "qty": 3313}, {"price": 2043, "isBuy": true, "qty": 3313}, {"price": 2033, "isBuy": true, "qty": 3313}], "symbol": "OZV", "venue": "XWGEX", "ts": "2016-04-27T02:53:23.708671124Z"}, {"ok": true, "asks": null, "bids": [{"price": 2117, "isBuy": true, "qty": 396}, {"price": 2107, "isBuy": true, "qty": 216}, {"price": 2053, "isBuy": true, "qty": 3313}, {"price": 2043, "isBuy": true, "qty": 3313}, {"price": 2033, "isBuy": true, "qty": 3313}], "symbol": "OZV", "venue": "XWGEX", "ts": "2016-04-27T02:53:23.877898685Z"}, {"ok": true, "asks": null, "bids": [{"price": 2165, "isBuy": true, "qty": 575}, {"price": 2117, "isBuy": true, "qty": 396}, {"price": 2107, "isBuy": true, "qty": 216}, {"price": 2053, "isBuy": true, "qty": 3313}, {"price": 2043, "isBuy": true, "qty": 3313}, {"price": 2033, "isBuy": true, "qty": 3313}], "symbol": "OZV", "venue": "XWGEX", "ts": "2016-04-27T02:53:24.767938942Z"}, {"ok": true, "asks": null, "bids": [{"price": 2165, "isBuy": true, "qty": 575}, {"price": 2117, "isBuy": true, "qty": 396}, {"price": 2107, "isBuy": true, "qty": 216}, {"price": 2053, "isBuy": true, "qty": 3313}, {"price": 2043, "isBuy": true, "qty": 3313}, {"price": 2033, "isBuy": true, "qty": 3313}], "symbol": "OZV", "venue": "XWGEX", "ts": "2016-04-27T02:53:25.348943396Z"}, {"ok": true, "asks": null, "bids": [{"price": 2165, "isBuy": true, "qty": 575}, {"price": 2117, "isBuy": true, "qty": 396}, {"price": 2107, "isBuy": true, "qty": 216}, {"price": 2053, "isBuy": true, "qty": 3313}, {"price": 2043, "isBuy": true, "qty": 3313}, {"price": 2033, "isBuy": true, "qty": 3313}], "symbol": "OZV", "venue": "XWGEX", "ts": "2016-04-27T02:53:25.53540636Z"}, {"ok": true, "asks": null, "bids": [{"price": 2165, "isBuy": true, "qty": 575}, {"price": 2117, "isBuy": true, "qty": 396}, {"price": 2107, "isBuy": true, "qty": 216}, {"price": 2053, "isBuy": true, "qty": 3313}, {"price": 2043, "isBuy": true, "qty": 3313}, {"price": 2033, "isBuy": true, "qty": 3313}], "symbol": "OZV", "venue": "XWGEX", "ts": "2016-04-27T02:53:25.702781417Z"}, {"ok": true, "asks": null, "bids": [{"price": 2165, "isBuy": true, "qty": 575}, {"price": 2117, "isBuy": true, "qty": 396}, {"price": 2107, "isBuy": true, "qty": 216}, {"price": 2053, "isBuy": true, "qty": 3313}, {"price": 2043, "isBuy": true, "qty": 3313}, {"price": 2033, "isBuy": true, "qty": 3313}], "symbol": "OZV", "venue": "XWGEX", "ts": "2016-04-27T02:53:27.171790039Z"}, {"ok": true, "asks": [{"price": 2082, "isBuy": false, "qty": 428}, {"price": 2108, "isBuy": false, "qty": 6795}], "bids": null, "symbol": "OZV", "venue": "XWGEX", "ts": "2016-04-27T02:53:27.373600426Z"}, {"ok": true, "asks": [{"price": 2088, "isBuy": false, "qty": 6433}, {"price": 2098, "isBuy": false, "qty": 6865}, {"price": 2108, "isBuy": false, "qty": 6865}, {"price": 2212, "isBuy": false, "qty": 408}], "bids": [{"price": 2068, "isBuy": true, "qty": 3134}, {"price": 2058, "isBuy": true, "qty": 3134}, {"price": 2048, "isBuy": true, "qty": 3134}], "symbol": "OZV", "venue": "XWGEX", "ts": "2016-04-27T02:53:27.814373174Z"}, {"ok": true, "asks": [{"price": 2088, "isBuy": false, "qty": 6433}, {"price": 2098, "isBuy": false, "qty": 6865}, {"price": 2108, "isBuy": false, "qty": 6865}, {"price": 2212, "isBuy": false, "qty": 408}], "bids": [{"price": 2068, "isBuy": true, "qty": 3134}, {"price": 2058, "isBuy": true, "qty": 3134}, {"price": 2048, "isBuy": true, "qty": 3134}], "symbol": "OZV", "venue": "XWGEX", "ts": "2016-04-27T02:53:28.460647239Z"}, {"ok": true, "asks": [{"price": 2088, "isBuy": false, "qty": 6433}, {"price": 2098, "isBuy": false, "qty": 6865}, {"price": 2108, "isBuy": false, "qty": 6865}, {"price": 2212, "isBuy": false, "qty": 408}], "bids": [{"price": 2068, "isBuy": true, "qty": 3134}, {"price": 2058, "isBuy": true, "qty": 3134}, {"price": 2048, "isBuy": true, "qty": 3134}], "symbol": "OZV", "venue": "XWGEX", "ts": "2016-04-27T02:53:31.225303727Z"}, {"ok": true, "asks": [{"price": 2201, "isBuy": false, "qty": 6714}, {"price": 2211, "isBuy": false, "qty": 6714}, {"price": 2221, "isBuy": false, "qty": 6714}], "bids": [{"price": 2173, "isBuy": true, "qty": 762}], "symbol": "OZV", "venue": "XWGEX", "ts": "2016-04-27T02:53:34.677923513Z"}, {"ok": true, "asks": [{"price": 2166, "isBuy": false, "qty": 927}], "bids": [{"price": 2144, "isBuy": true, "qty": 3174}, {"price": 2134, "isBuy": true, "qty": 3174}, {"price": 2124, "isBuy": true, "qty": 3174}], "symbol": "OZV", "venue": "XWGEX", "ts": "2016-04-27T02:53:38.617129504Z"}, {"ok": true, "asks": [{"price": 2166, "isBuy": false, "qty": 927}], "bids": [{"price": 2144, "isBuy": true, "qty": 3174}, {"price": 2134, "isBuy": true, "qty": 3174}, {"price": 2124, "isBuy": true, "qty": 3174}], "symbol": "OZV", "venue": "XWGEX", "ts": "2016-04-27T02:53:38.978321959Z"}, {"ok": true, "asks": null, "bids": [{"price": 2144, "isBuy": true, "qty": 3174}, {"price": 2134, "isBuy": true, "qty": 3174}, {"price": 2124, "isBuy": true, "qty": 3174}], "symbol": "OZV", "venue": "XWGEX", "ts": "2016-04-27T02:53:41.739228273Z"}, {"ok": true, "asks": [{"price": 2198, "isBuy": false, "qty": 3750}, {"price": 2208, "isBuy": false, "qty": 6988}, {"price": 2218, "isBuy": false, "qty": 6988}], "bids": [{"price": 2125, "isBuy": true, "qty": 2921}, {"price": 2115, "isBuy": true, "qty": 2921}, {"price": 2105, "isBuy": true, "qty": 2921}], "symbol": "OZV", "venue": "XWGEX", "ts": "2016-04-27T02:53:45.309757571Z"}, {"ok": true, "asks": [{"price": 2154, "isBuy": false, "qty": 6828}, {"price": 2163, "isBuy": false, "qty": 927}, {"price": 2164, "isBuy": false, "qty": 6828}, {"price": 2174, "isBuy": false, "qty": 6828}], "bids": [{"price": 2134, "isBuy": true, "qty": 3015}, {"price": 2124, "isBuy": true, "qty": 3015}, {"price": 2114, "isBuy": true, "qty": 3015}], "symbol": "OZV", "venue": "XWGEX", "ts": "2016-04-27T02:53:49.128232706Z"}, {"ok": true, "asks": [{"price": 2154, "isBuy": false, "qty": 6828}, {"price": 2163, "isBuy": false, "qty": 927}, {"price": 2164, "isBuy": false, "qty": 6828}, {"price": 2174, "isBuy": false, "qty": 6828}], "bids": [{"price": 2134, "isBuy": true, "qty": 3015}, {"price": 2124, "isBuy": true, "qty": 3015}, {"price": 2114, "isBuy": true, "qty": 3015}], "symbol": "OZV", "venue": "XWGEX", "ts": "2016-04-27T02:53:50.300361007Z"}, {"ok": true, "asks": [{"price": 2154, "isBuy": false, "qty": 6828}, {"price": 2163, "isBuy": false, "qty": 927}, {"price": 2164, "isBuy": false, "qty": 6828}, {"price": 2174, "isBuy": false, "qty": 6828}], "bids": [{"price": 2134, "isBuy": true, "qty": 3015}, {"price": 2124, "isBuy": true, "qty": 3015}, {"price": 2114, "isBuy": true, "qty": 3015}], "symbol": "OZV", "venue": "XWGEX", "ts": "2016-04-27T02:53:52.048947284Z"}, {"ok": true, "asks": [{"price": 2137, "isBuy": false, "qty": 404}, {"price": 2163, "isBuy": false, "qty": 5}, {"price": 2212, "isBuy": false, "qty": 7172}, {"price": 2223, "isBuy": false, "qty": 7172}, {"price": 2234, "isBuy": false, "qty": 7172}], "bids": null, "symbol": "OZV", "venue": "XWGEX", "ts": "2016-04-27T02:53:53.123825729Z"}, {"ok": true, "asks": [{"price": 2137, "isBuy": false, "qty": 404}, {"price": 2163, "isBuy": false, "qty": 5}, {"price": 2212, "isBuy": false, "qty": 7172}, {"price": 2223, "isBuy": false, "qty": 7172}, {"price": 2234, "isBuy": false, "qty": 7172}], "bids": null, "symbol": "OZV", "venue": "XWGEX", "ts": "2016-04-27T02:53:53.564773699Z"}, {"ok": true, "asks": [{"price": 2137, "isBuy": false, "qty": 404}, {"price": 2163, "isBuy": false, "qty": 5}, {"price": 2212, "isBuy": false, "qty": 7172}, {"price": 2223, "isBuy": false, "qty": 7172}, {"price": 2234, "isBuy": false, "qty": 7172}], "bids": null, "symbol": "OZV", "venue": "XWGEX", "ts": "2016-04-27T02:53:55.045217456Z"}, {"ok": true, "asks": [{"price": 2137, "isBuy": false, "qty": 404}, {"price": 2163, "isBuy": false, "qty": 5}, {"price": 2212, "isBuy": false, "qty": 7172}, {"price": 2223, "isBuy": false, "qty": 7172}, {"price": 2234, "isBuy": false, "qty": 7172}], "bids": null, "symbol": "OZV", "venue": "XWGEX", "ts": "2016-04-27T02:53:56.516549144Z"}