[{"ok": true, "asks": [{"price": 4794, "isBuy": false, "qty": 7720}, {"price": 4817, "isBuy": false, "qty": 7720}, {"price": 4840, "isBuy": false, "qty": 7720}], "bids": [{"price": 4646, "isBuy": true, "qty": 1783}, {"price": 4623, "isBuy": true, "qty": 2279}, {"price": 4600, "isBuy": true, "qty": 2279}], "symbol": "LKH", "venue": "BIZEX", "ts": "2016-04-13T05:56:23.573500807Z"}, {"ok": true, "asks": [{"price": 4830, "isBuy": false, "qty": 7759}, {"price": 4854, "isBuy": false, "qty": 7759}, {"price": 4865, "isBuy": false, "qty": 99}, {"price": 4878, "isBuy": false, "qty": 7759}, {"price": 4913, "isBuy": false, "qty": 98}], "bids": [{"price": 4623, "isBuy": true, "qty": 100}, {"price": 4577, "isBuy": true, "qty": 99}, {"price": 4531, "isBuy": true, "qty": 98}, {"price": 4485, "isBuy": true, "qty": 97}], "symbol": "LKH", "venue": "BIZEX", "ts": "2016-04-13T05:56:28.142512054Z"}, {"ok": true, "asks": [{"price": 4830, "isBuy": false, "qty": 7759}, {"price": 4854, "isBuy": false, "qty": 7759}, {"price": 4865, "isBuy": false, "qty": 99}, {"price": 4878, "isBuy": false, "qty": 7759}, {"price": 4913, "isBuy": false, "qty": 98}], "bids": [{"price": 4623, "isBuy": true, "qty": 100}, {"price": 4577, "isBuy": true, "qty": 99}, {"price": 4531, "isBuy": true, "qty": 98}, {"price": 4485, "isBuy": true, "qty": 97}], "symbol": "LKH", "venue": "BIZEX", "ts": "2016-04-13T05:56:29.758691171Z"}, {"ok": true, "asks": [{"price": 4830, "isBuy": false, "qty": 7759}, {"price": 4854, "isBuy": false, "qty": 7759}, {"price": 4865, "isBuy": false, "qty": 99}, {"price": 4878, "isBuy": false, "qty": 7759}, {"price": 4913, "isBuy": false, "qty": 98}], "bids": [{"price": 4623, "isBuy": true, "qty": 100}, {"price": 4577, "isBuy": true, "qty": 99}, {"price": 4531, "isBuy": true, "qty": 98}, {"price": 4485, "isBuy": true, "qty": 97}], "symbol": "LKH", "venue": "BIZEX", "ts": "2016-04-13T05:56:29.932049957Z"}, {"ok": true, "asks": [{"price": 4830, "isBuy": false, "qty": 7759}, {"price": 4854, "isBuy": false, "qty": 7759}, {"price": 4854, "isBuy": false, "qty": 100}, {"price": 4865, "isBuy": false, "qty": 99}, {"price": 4878, "isBuy": false, "qty": 7759}, {"price": 4913, "isBuy": false, "qty": 98}], "bids": [{"price": 4577, "isBuy": true, "qty": 99}, {"price": 4531, "isBuy": true, "qty": 98}, {"price": 4485, "isBuy": true, "qty": 97}], "symbol": "LKH", "venue": "BIZEX", "ts": "2016-04-13T05:56:30.292879369Z"}, {"ok": true, "asks": [{"price": 4830, "isBuy": false, "qty": 7759}, {"price": 4854, "isBuy": false, "qty": 7759}, {"price": 4854, "isBuy": false, "qty": 100}, {"price": 4865, "isBuy": false, "qty": 99}, {"price": 4878, "isBuy": false, "qty": 7759}, {"price": 4902, "isBuy": false, "qty": 99}, {"price": 4913, "isBuy": false, "qty": 98}, {"price": 4950, "isBuy": false, "qty": 98}], "bids": [{"price": 4531, "isBuy": true, "qty": 98}, {"price": 4485, "isBuy": true, "qty": 97}], "symbol": "LKH", "venue": "BIZEX", "ts": "2016-04-13T05:56:30.625606553Z"}, {"ok": true, "asks": [{"price": 4830, "isBuy": false, "qty": 7759}, {"price": 4854, "isBuy": false, "qty": 7759}, {"price": 4854, "isBuy": false, "qty": 100}, {"price": 4865, "isBuy": false, "qty": 99}, {"price": 4878, "isBuy": false, "qty": 7759}, {"price": 4902, "isBuy": false, "qty": 99}, {"price": 4913, "isBuy": false, "qty": 98}, {"price": 4950, "isBuy": false, "qty": 98}, {"price": 4998, "isBuy": false, "qty": 97}], "bids": [{"price": 4485, "isBuy": true, "qty": 97}], "symbol": "LKH", "venue": "BIZEX", "ts": "2016-04-13T05:56:30.965513995Z"}, {"ok": true, "asks": [{"price": 4830, "isBuy": false, "qty": 7759}, {"price": 4854, "isBuy": false, "qty": 7759}, {"price": 4854, "isBuy": false, "qty": 100}, {"price": 4865, "isBuy": false, "qty": 99}, {"price": 4878, "isBuy": false, "qty": 7759}, {"price": 4902, "isBuy": false, "qty": 99}, {"price": 4913, "isBuy": false, "qty": 98}, {"price": 4950, "isBuy": false, "qty": 98}, {"price": 4998, "isBuy": false, "qty": 97}], "bids": [{"price": 4485, "isBuy": true, "qty": 97}], "symbol": "LKH", "venue": "BIZEX", "ts": "2016-04-13T05:56:30.971737419Z"}, {"ok": true, "asks": [{"price": 4830, "isBuy": false, "qty": 7759}, {"price": 4854, "isBuy": false, "qty": 7759}, {"price": 4854, "isBuy": false, "qty": 100}, {"price": 4865, "isBuy": false, "qty": 99}, {"price": 4878, "isBuy": false, "qty": 7759}, {"price": 4902, "isBuy": false, "qty": 99}, {"price": 4913, "isBuy": false, "qty": 98}, {"price": 4950, "isBuy": false, "qty": 98}, {"price": 4998, "isBuy": false, "qty": 97}], "bids": null, "symbol": "LKH", "venue": "BIZEX", "ts": "2016-04-13T05:56:31.314615436Z"}, {"ok": true, "asks": [{"price": 4696, "isBuy": false, "qty": 7863}, {"price": 4719, "isBuy": false, "qty": 7863}, {"price": 4742, "isBuy": false, "qty": 7863}, {"price": 4854, "isBuy": false, "qty": 100}, {"price": 4865, "isBuy": false, "qty": 99}, {"price": 4902, "isBuy": false, "qty": 99}, {"price": 4913, "isBuy": false, "qty": 98}, {"price": 4950, "isBuy": false, "qty": 98}, {"price": 4998, "isBuy": false, "qty": 97}], "bids": [{"price": 4650, "isBuy": true, "qty": 2136}, {"price": 4627, "isBuy": true, "qty": 2068}, {"price": 4604, "isBuy": true, "qty": 2068}], "symbol": "LKH", "venue": "BIZEX", "ts": "2016-04-13T05:56:33.610849332Z"}, {"ok": true, "asks": [{"price": 4696, "isBuy": false, "qty": 7863}, {"price": 4719, "isBuy": false, "qty": 7863}, {"price": 4742, "isBuy": false, "qty": 7863}, {"price": 4854, "isBuy": false, "qty": 100}, {"price": 4865, "isBuy": false, "qty": 99}, {"price": 4902, "isBuy": false, "qty": 99}, {"price": 4913, "isBuy": false, "qty": 98}, {"price": 4950, "isBuy": false, "qty": 98}, {"price": 4998, "isBuy": false, "qty": 97}], "bids": [{"price": 4650, "isBuy": true, "qty": 2136}, {"price": 4627, "isBuy": true, "qty": 2068}, {"price": 4604, "isBuy": true, "qty": 2068}], "symbol": "LKH", "venue": "BIZEX", "ts": "2016-04-13T05:56:34.653473884Z"}, {"ok": true, "asks": [{"price": 4696, "isBuy": false, "qty": 7863}, {"price": 4719, "isBuy": false, "qty": 7863}, {"price": 4742, "isBuy": false, "qty": 7863}, {"price": 4854, "isBuy": false, "qty": 100}, {"price": 4865, "isBuy": false, "qty": 99}, {"price": 4902, "isBuy": false, "qty": 99}, {"price": 4913, "isBuy": false, "qty": 98}, {"price": 4950, "isBuy": false, "qty": 98}, {"price": 4998, "isBuy": false, "qty": 97}], "bids": [{"price": 4650, "isBuy": true, "qty": 2136}, {"price": 4627, "isBuy": true, "qty": 2068}, {"price": 4604, "isBuy": true, "qty": 2068}], "symbol": "LKH", "venue": "BIZEX", "ts": "2016-04-13T05:56:34.817126245Z"}, {"ok": true, "asks": [{"price": 4696, "isBuy": false, "qty": 7863}, {"price": 4719, "isBuy": false, "qty": 7863}, {"price": 4742, "isBuy": false, "qty": 7863}, {"price": 4854, "isBuy": false, "qty": 100}, {"price": 4865, "isBuy": false, "qty": 99}, {"price": 4902, "isBuy": false, "qty": 99}, {"price": 4913, "isBuy": false, "qty": 98}, {"price": 4950, "isBuy": false, "qty": 98}, {"price": 4998, "isBuy": false, "qty": 97}], "bids": [{"price": 4650, "isBuy": true, "qty": 2136}, {"price": 4627, "isBuy": true, "qty": 2068}, {"price": 4604, "isBuy": true, "qty": 2068}], "symbol": "LKH", "venue": "BIZEX", "ts": "2016-04-13T05:56:35.301742525Z"}, {"ok": true, "asks": [{"price": 4696, "isBuy": false, "qty": 7863}, {"price": 4719, "isBuy": false, "qty": 7863}, {"price": 4742, "isBuy": false, "qty": 7863}, {"price": 4854, "isBuy": false, "qty": 100}, {"price": 4865, "isBuy": false, "qty": 99}, {"price": 4902, "isBuy": false, "qty": 99}, {"price": 4913, "isBuy": false, "qty": 98}, {"price": 4950, "isBuy": false, "qty": 98}, {"price": 4998, "isBuy": false, "qty": 97}], "bids": [{"price": 4650, "isBuy": true, "qty": 2136}, {"price": 4627, "isBuy": true, "qty": 2068}, {"price": 4604, "isBuy": true, "qty": 2068}], "symbol": "LKH", "venue": "BIZEX", "ts": "2016-04-13T05:56:35.464813554Z"}, {"ok": true, "asks": [{"price": 4696, "isBuy": false, "qty": 7863}, {"price": 4719, "isBuy": false, "qty": 7863}, {"price": 4742, "isBuy": false, "qty": 7863}, {"price": 4854, "isBuy": false, "qty": 100}, {"price": 4865, "isBuy": false, "qty": 99}, {"price": 4902, "isBuy": false, "qty": 99}, {"price": 4913, "isBuy": false, "qty": 98}, {"price": 4950, "isBuy": false, "qty": 98}, {"price": 4998, "isBuy": false, "qty": 97}], "bids": [{"price": 4650, "isBuy": true, "qty": 2136}, {"price": 4627, "isBuy": true, "qty": 2068}, {"price": 4604, "isBuy": true, "qty": 2068}], "symbol": "LKH", "venue": "BIZEX", "ts": "2016-04-13T05:56:35.641571063Z"}, {"ok": true, "asks": [{"price": 4696, "isBuy": false, "qty": 7863}, {"price": 4719, "isBuy": false, "qty": 7863}, {"price": 4742, "isBuy": false, "qty": 7863}, {"price": 4854, "isBuy": false, "qty": 100}, {"price": 4865, "isBuy": false, "qty": 99}, {"price": 4902, "isBuy": false, "qty": 99}, {"price": 4913, "isBuy": false, "qty": 98}, {"price": 4950, "isBuy": false, "qty": 98}, {"price": 4998, "isBuy": false, "qty": 97}], "bids": [{"price": 4650, "isBuy": true, "qty": 2136}, {"price": 4627, "isBuy": true, "qty": 2068}, {"price": 4604, "isBuy": true, "qty": 2068}], "symbol": "LKH", "venue": "BIZEX", "ts": "2016-04-13T05:56:35.804710833Z"}, {"ok": true, "asks": [{"price": 4696, "isBuy": false, "qty": 7863}, {"price": 4719, "isBuy": false, "qty": 7863}, {"price": 4742, "isBuy": false, "qty": 7863}, {"price": 4854, "isBuy": false, "qty": 100}, {"price": 4865, "isBuy": false, "qty": 99}, {"price": 4902, "isBuy": false, "qty": 99}, {"price": 4913, "isBuy": false, "qty": 98}, {"price": 4950, "isBuy": false, "qty": 98}, {"price": 4998, "isBuy": false, "qty": 97}], "bids": [{"price": 4650, "isBuy": true, "qty": 2136}, {"price": 4627, "isBuy": true, "qty": 2068}, {"price": 4627, "isBuy": true, "qty": 100}, {"price": 4604, "isBuy": true, "qty": 2068}, {"price": 4581, "isBuy": true, "qty": 99}, {"price": 4535, "isBuy": true, "qty": 98}, {"price": 4489, "isBuy": true, "qty": 97}], "symbol": "LKH", "venue": "BIZEX", "ts": "2016-04-13T05:56:37.623739776Z"}, {"ok": true, "asks": [{"price": 4864, "isBuy": false, "qty": 7329}, {"price": 4888, "isBuy": false, "qty": 7329}, {"price": 4902, "isBuy": false, "qty": 99}, {"price": 4912, "isBuy": false, "qty": 7329}, {"price": 4913, "isBuy": false, "qty": 98}, {"price": 4950, "isBuy": false, "qty": 98}, {"price": 4998, "isBuy": false, "qty": 97}], "bids": [{"price": 4816, "isBuy": true, "qty": 358}, {"price": 4792, "isBuy": true, "qty": 358}, {"price": 4768, "isBuy": true, "qty": 358}, {"price": 4627, "isBuy": true, "qty": 100}, {"price": 4581, "isBuy": true, "qty": 99}, {"price": 4535, "isBuy": true, "qty": 98}, {"price": 4489, "isBuy": true, "qty": 97}], "symbol": "LKH", "venue": "BIZEX", "ts": "2016-04-13T05:56:39.153014374Z"}, {"ok": true, "asks": [{"price": 4864, "isBuy": false, "qty": 7329}, {"price": 4888, "isBuy": false, "qty": 7329}, {"price": 4902, "isBuy": false, "qty": 99}, {"price": 4912, "isBuy": false, "qty": 7329}, {"price": 4913, "isBuy": false, "qty": 98}, {"price": 4950, "isBuy": false, "qty": 98}, {"price": 4998, "isBuy": false, "qty": 97}], "bids": [{"price": 4816, "isBuy": true, "qty": 358}, {"price": 4792, "isBuy": true, "qty": 358}, {"price": 4768, "isBuy": true, "qty": 358}, {"price": 4627, "isBuy": true, "qty": 100}, {"price": 4581, "isBuy": true, "qty": 99}, {"price": 4535, "isBuy": true, "qty": 98}, {"price": 4489, "isBuy": true, "qty": 97}], "symbol": "LKH", "venue": "BIZEX", "ts": "2016-04-13T05:56:39.328748542Z"}, {"ok": true, "asks": [{"price": 4864, "isBuy": false, "qty": 7329}, {"price": 4888, "isBuy": false, "qty": 7329}, {"price": 4902, "isBuy": false, "qty": 99}, {"price": 4912, "isBuy": false, "qty": 7329}, {"price": 4913, "isBuy": false, "qty": 98}, {"price": 4950, "isBuy": false, "qty": 98}, {"price": 4998, "isBuy": false, "qty": 97}], "bids": [{"price": 4816, "isBuy": true, "qty": 358}, {"price": 4792, "isBuy": true, "qty": 358}, {"price": 4768, "isBuy": true, "qty": 358}, {"price": 4627, "isBuy": true, "qty": 100}, {"price": 4581, "isBuy": true, "qty": 99}, {"price": 4535, "isBuy": true, "qty": 98}, {"price": 4489, "isBuy": true, "qty": 97}], "symbol": "LKH", "venue": "BIZEX", "ts": "2016-04-13T05:56:39.496972188Z"}, {"ok": true, "asks": [{"price": 4864, "isBuy": false, "qty": 7329}, {"price": 4888, "isBuy": false, "qty": 7329}, {"price": 4902, "isBuy": false, "qty": 99}, {"price": 4912, "isBuy": false, "qty": 7329}, {"price": 4913, "isBuy": false, "qty": 98}, {"price": 4950, "isBuy": false, "qty": 98}, {"price": 4998, "isBuy": false, "qty": 97}], "bids": [{"price": 4816, "isBuy": true, "qty": 358}, {"price": 4792, "isBuy": true, "qty": 358}, {"price": 4768, "isBuy": true, "qty": 358}, {"price": 4627, "isBuy": true, "qty": 100}, {"price": 4581, "isBuy": true, "qty": 99}, {"price": 4535, "isBuy": true, "qty": 98}, {"price": 4489, "isBuy": true, "qty": 97}], "symbol": "LKH", "venue": "BIZEX", "ts": "2016-04-13T05:56:39.664317171Z"}, {"ok": true, "asks": [{"price": 4864, "isBuy": false, "qty": 7329}, {"price": 4888, "isBuy": false, "qty": 7329}, {"price": 4902, "isBuy": false, "qty": 99}, {"price": 4912, "isBuy": false, "qty": 7329}, {"price": 4913, "isBuy": false, "qty": 98}, {"price": 4950, "isBuy": false, "qty": 98}, {"price": 4998, "isBuy": false, "qty": 97}], "bids": [{"price": 4816, "isBuy": true, "qty": 358}, {"price": 4792, "isBuy": true, "qty": 358}, {"price": 4768, "isBuy": true, "qty": 358}, {"price": 4627, "isBuy": true, "qty": 100}, {"price": 4581, "isBuy": true, "qty": 99}, {"price": 4535, "isBuy": true, "qty": 98}, {"price": 4489, "isBuy": true, "qty": 97}], "symbol": "LKH", "venue": "BIZEX", "ts": "2016-04-13T05:56:39.827197085Z"}, {"ok": true, "asks": [{"price": 4864, "isBuy": false, "qty": 7329}, {"price": 4888, "isBuy": false, "qty": 7329}, {"price": 4902, "isBuy": false, "qty": 99}, {"price": 4912, "isBuy": false, "qty": 7329}, {"price": 4913, "isBuy": false, "qty": 98}, {"price": 4950, "isBuy": false, "qty": 98}, {"price": 4998, "isBuy": false, "qty": 97}], "bids": [{"price": 4816, "isBuy": true, "qty": 358}, {"price": 4792, "isBuy": true, "qty": 358}, {"price": 4768, "isBuy": true, "qty": 358}, {"price": 4627, "isBuy": true, "qty": 100}, {"price": 4581, "isBuy": true, "qty": 99}, {"price": 4535, "isBuy": true, "qty": 98}, {"price": 4489, "isBuy": true, "qty": 97}], "symbol": "LKH", "venue": "BIZEX", "ts": "2016-04-13T05:56:39.988038453Z"}, {"ok": true, "asks": [{"price": 4864, "isBuy": false, "qty": 7329}, {"price": 4888, "isBuy": false, "qty": 7329}, {"price": 4902, "isBuy": false, "qty": 99}, {"price": 4912, "isBuy": false, "qty": 7329}, {"price": 4913, "isBuy": false, "qty": 98}, {"price": 4950, "isBuy": false, "qty": 98}, {"price": 4998, "isBuy": false, "qty": 97}], "bids": [{"price": 4816, "isBuy": true, "qty": 358}, {"price": 4792, "isBuy": true, "qty": 358}, {"price": 4768, "isBuy": true, "qty": 358}, {"price": 4627, "isBuy": true, "qty": 100}, {"price": 4627, "isBuy": true, "qty": 100}, {"price": 4581, "isBuy": true, "qty": 99}, {"price": 4535, "isBuy": true, "qty": 98}, {"price": 4489, "isBuy": true, "qty": 97}], "symbol": "LKH", "venue": "BIZEX", "ts": "2016-04-13T05:56:40.166241036Z"}, {"ok": true, "asks": [{"price": 4864, "isBuy": false, "qty": 7329}, {"price": 4888, "isBuy": false, "qty": 7329}, {"price": 4902, "isBuy": false, "qty": 99}, {"price": 4912, "isBuy": false, "qty": 7329}, {"price": 4913, "isBuy": false, "qty": 98}, {"price": 4950, "isBuy": false, "qty": 98}, {"price": 4998, "isBuy": false, "qty": 97}], "bids": [{"price": 4816, "isBuy": true, "qty": 358}, {"price": 4792, "isBuy": true, "qty": 358}, {"price": 4768, "isBuy": true, "qty": 358}, {"price": 4627, "isBuy": true, "qty": 100}, {"price": 4627, "isBuy": true, "qty": 100}, {"price": 4581, "isBuy": true, "qty": 99}, {"price": 4535, "isBuy": true, "qty": 98}, {"price": 4489, "isBuy": true, "qty": 97}], "symbol": "LKH", "venue": "BIZEX", "ts": "2016-04-13T05:56:40.350029245Z"}, {"ok": true, "asks": [{"price": 4864, "isBuy": false, "qty": 7329}, {"price": 4888, "isBuy": false, "qty": 7329}, {"price": 4902, "isBuy": false, "qty": 99}, {"price": 4912, "isBuy": false, "qty": 7329}, {"price": 4913, "isBuy": false, "qty": 98}, {"price": 4950, "isBuy": false, "qty": 98}, {"price": 4998, "isBuy": false, "qty": 97}], "bids": [{"price": 4816, "isBuy": true, "qty": 358}, {"price": 4792, "isBuy": true, "qty": 358}, {"price": 4768, "isBuy": true, "qty": 358}, {"price": 4627, "isBuy": true, "qty": 100}, {"price": 4627, "isBuy": true, "qty": 100}, {"price": 4581, "isBuy": true, "qty": 99}, {"price": 4581, "isBuy": true, "qty": 99}, {"price": 4535, "isBuy": true, "qty": 98}, {"price": 4535, "isBuy": true, "qty": 98}, {"price": 4489, "isBuy": true, "qty": 97}, {"price": 4489, "isBuy": true, "qty": 97}], "symbol": "LKH", "venue": "BIZEX", "ts": "2016-04-13T05:56:41.031102486Z"}, {"ok": true, "asks": [{"price": 4888, "isBuy": false, "qty": 100}, {"price": 4902, "isBuy": false, "qty": 99}, {"price": 4913, "isBuy": false, "qty": 98}, {"price": 4936, "isBuy": false, "qty": 99}, {"price": 4950, "isBuy": false, "qty": 98}, {"price": 4998, "isBuy": false, "qty": 97}], "bids": [{"price": 4594, "isBuy": true, "qty": 2676}, {"price": 4581, "isBuy": true, "qty": 99}, {"price": 4581, "isBuy": true, "qty": 99}, {"price": 4571, "isBuy": true, "qty": 2676}, {"price": 4548, "isBuy": true, "qty": 2676}, {"price": 4535, "isBuy": true, "qty": 98}, {"price": 4535, "isBuy": true, "qty": 98}, {"price": 4489, "isBuy": true, "qty": 97}, {"price": 4489, "isBuy": true, "qty": 97}], "symbol": "LKH", "venue": "BIZEX", "ts": "2016-04-13T05:56:43.673464301Z"}, {"ok": true, "asks": [{"price": 4888, "isBuy": false, "qty": 100}, {"price": 4902, "isBuy": false, "qty": 99}, {"price": 4913, "isBuy": false, "qty": 98}, {"price": 4936, "isBuy": false, "qty": 99}, {"price": 4950, "isBuy": false, "qty": 98}, {"price": 4984, "isBuy": false, "qty": 98}, {"price": 4998, "isBuy": false, "qty": 97}], "bids": [{"price": 4594, "isBuy": true, "qty": 2676}, {"price": 4581, "isBuy": true, "qty": 99}, {"price": 4581, "isBuy": true, "qty": 99}, {"price": 4571, "isBuy": true, "qty": 2676}, {"price": 4548, "isBuy": true, "qty": 2676}, {"price": 4535, "isBuy": true, "qty": 98}, {"price": 4535, "isBuy": true, "qty": 98}, {"price": 4489, "isBuy": true, "qty": 97}, {"price": 4489, "isBuy": true, "qty": 97}], "symbol": "LKH", "venue": "BIZEX", "ts": "2016-04-13T05:56:43.841164615Z"}, {"ok": true, "asks": [{"price": 4888, "isBuy": false, "qty": 100}, {"price": 4902, "isBuy": false, "qty": 99}, {"price": 4913, "isBuy": false, "qty": 98}, {"price": 4936, "isBuy": false, "qty": 99}, {"price": 4950, "isBuy": false, "qty": 98}, {"price": 4984, "isBuy": false, "qty": 98}, {"price": 4998, "isBuy": false, "qty": 97}], "bids": [{"price": 4594, "isBuy": true, "qty": 2676}, {"price": 4581, "isBuy": true, "qty": 99}, {"price": 4581, "isBuy": true, "qty": 99}, {"price": 4571, "isBuy": true, "qty": 2676}, {"price": 4548, "isBuy": true, "qty": 2676}, {"price": 4535, "isBuy": true, "qty": 98}, {"price": 4535, "isBuy": true, "qty": 98}, {"price": 4489, "isBuy": true, "qty": 97}, {"price": 4489, "isBuy": true, "qty": 97}], "symbol": "LKH", "venue": "BIZEX", "ts": "2016-04-13T05:56:44.020085842Z"}, {"ok": true, "asks": [{"price": 4888, "isBuy": false, "qty": 100}, {"price": 4902, "isBuy": false, "qty": 99}, {"price": 4913, "isBuy": false, "qty": 98}, {"price": 4936, "isBuy": false, "qty": 99}, {"price": 4950, "isBuy": false, "qty": 98}, {"price": 4984, "isBuy": false, "qty": 98}, {"price": 4998, "isBuy": false, "qty": 97}, {"price": 5032, "isBuy": false, "qty": 97}], "bids": [{"price": 4594, "isBuy": true, "qty": 2676}, {"price": 4581, "isBuy": true, "qty": 99}, {"price": 4581, "isBuy": true, "qty": 99}, {"price": 4571, "isBuy": true, "qty": 2676}, {"price": 4548, "isBuy": true, "qty": 2676}, {"price": 4535, "isBuy": true, "qty": 98}, {"price": 4535, "isBuy": true, "qty": 98}, {"price": 4489, "isBuy": true, "qty": 97}, {"price": 4489, "isBuy": true, "qty": 97}], "symbol": "LKH", "venue": "BIZEX", "ts": "2016-04-13T05:56:44.196484664Z"}, {"ok": true, "asks": [{"price": 4888, "isBuy": false, "qty": 100}, {"price": 4902, "isBuy": false, "qty": 99}, {"price": 4913, "isBuy": false, "qty": 98}, {"price": 4936, "isBuy": false, "qty": 99}, {"price": 4950, "isBuy": false, "qty": 98}, {"price": 4984, "isBuy": false, "qty": 98}, {"price": 4998, "isBuy": false, "qty": 97}, {"price": 5032, "isBuy": false, "qty": 97}], "bids": [{"price": 4594, "isBuy": true, "qty": 2676}, {"price": 4581, "isBuy": true, "qty": 99}, {"price": 4581, "isBuy": true, "qty": 99}, {"price": 4571, "isBuy": true, "qty": 2676}, {"price": 4548, "isBuy": true, "qty": 2676}, {"price": 4535, "isBuy": true, "qty": 98}, {"price": 4535, "isBuy": true, "qty": 98}, {"price": 4489, "isBuy": true, "qty": 97}, {"price": 4489, "isBuy": true, "qty": 97}], "symbol": "LKH", "venue": "BIZEX", "ts": "2016-04-13T05:56:44.383193027Z"}, {"ok": true, "asks": [{"price": 4888, "isBuy": false, "qty": 100}, {"price": 4902, "isBuy": false, "qty": 99}, {"price": 4913, "isBuy": false, "qty": 98}, {"price": 4936, "isBuy": false, "qty": 99}, {"price": 4950, "isBuy": false, "qty": 98}, {"price": 4984, "isBuy": false, "qty": 98}, {"price": 4998, "isBuy": false, "qty": 97}, {"price": 5032, "isBuy": false, "qty": 97}], "bids": [{"price": 4594, "isBuy": true, "qty": 2676}, {"price": 4581, "isBuy": true, "qty": 99}, {"price": 4581, "isBuy": true, "qty": 99}, {"price": 4571, "isBuy": true, "qty": 2676}, {"price": 4548, "isBuy": true, "qty": 2676}, {"price": 4535, "isBuy": true, "qty": 98}, {"price": 4535, "isBuy": true, "qty": 98}, {"price": 4489, "isBuy": true, "qty": 97}, {"price": 4489, "isBuy": true, "qty": 97}], "symbol": "LKH", "venue": "BIZEX", "ts": "2016-04-13T05:56:44.40160447Z"}, {"ok": true, "asks": [{"price": 4888, "isBuy": false, "qty": 100}, {"price": 4902, "isBuy": false, "qty": 99}, {"price": 4913, "isBuy": false, "qty": 98}, {"price": 4936, "isBuy": false, "qty": 99}, {"price": 4950, "isBuy": false, "qty": 98}, {"price": 4984, "isBuy": false, "qty": 98}, {"price": 4998, "isBuy": false, "qty": 97}, {"price": 5032, "isBuy": false, "qty": 97}], "bids": [{"price": 4594, "isBuy": true, "qty": 2676}, {"price": 4581, "isBuy": true, "qty": 99}, {"price": 4581, "isBuy": true, "qty": 99}, {"price": 4571, "isBuy": true, "qty": 2676}, {"price": 4548, "isBuy": true, "qty": 2676}, {"price": 4535, "isBuy": true, "qty": 98}, {"price": 4535, "isBuy": true, "qty": 98}, {"price": 4489, "isBuy": true, "qty": 97}, {"price": 4489, "isBuy": true, "qty": 97}], "symbol": "LKH", "venue": "BIZEX", "ts": "2016-04-13T05:56:44.569321841Z"}, {"ok": true, "asks": [{"price": 4888, "isBuy": false, "qty": 100}, {"price": 4902, "isBuy": false, "qty": 99}, {"price": 4913, "isBuy": false, "qty": 98}, {"price": 4936, "isBuy": false, "qty": 99}, {"price": 4950, "isBuy": false, "qty": 98}, {"price": 4984, "isBuy": false, "qty": 98}, {"price": 4998, "isBuy": false, "qty": 97}, {"price": 5032, "isBuy": false, "qty": 97}], "bids": [{"price": 4594, "isBuy": true, "qty": 2676}, {"price": 4581, "isBuy": true, "qty": 99}, {"price": 4581, "isBuy": true, "qty": 99}, {"price": 4571, "isBuy": true, "qty": 2676}, {"price": 4548, "isBuy": true, "qty": 2676}, {"price": 4535, "isBuy": true, "qty": 98}, {"price": 4535, "isBuy": true, "qty": 98}, {"price": 4489, "isBuy": true, "qty": 97}, {"price": 4489, "isBuy": true, "qty": 97}], "symbol": "LKH", "venue": "BIZEX", "ts": "2016-04-13T05:56:44.734788417Z"}, {"ok": true, "asks": [{"price": 4888, "isBuy": false, "qty": 100}, {"price": 4902, "isBuy": false, "qty": 99}, {"price": 4913, "isBuy": false, "qty": 98}, {"price": 4936, "isBuy": false, "qty": 99}, {"price": 4950, "isBuy": false, "qty": 98}, {"price": 4984, "isBuy": false, "qty": 98}, {"price": 4998, "isBuy": false, "qty": 97}, {"price": 5032, "isBuy": false, "qty": 97}], "bids": [{"price": 4594, "isBuy": true, "qty": 2676}, {"price": 4581, "isBuy": true, "qty": 99}, {"price": 4581, "isBuy": true, "qty": 99}, {"price": 4571, "isBuy": true, "qty": 2676}, {"price": 4548, "isBuy": true, "qty": 2676}, {"price": 4535, "isBuy": true, "qty": 98}, {"price": 4535, "isBuy": true, "qty": 98}, {"price": 4489, "isBuy": true, "qty": 97}, {"price": 4489, "isBuy": true, "qty": 97}], "symbol": "LKH", "venue": "BIZEX", "ts": "2016-04-13T05:56:44.896175148Z"}, {"ok": true, "asks": [{"price": 4888, "isBuy": false, "qty": 100}, {"price": 4902, "isBuy": false, "qty": 99}, {"price": 4913, "isBuy": false, "qty": 98}, {"price": 4936, "isBuy": false, "qty": 99}, {"price": 4950, "isBuy": false, "qty": 98}, {"price": 4984, "isBuy": false, "qty": 98}, {"price": 4998, "isBuy": false, "qty": 97}, {"price": 5032, "isBuy": false, "qty": 97}], "bids": [{"price": 4594, "isBuy": true, "qty": 2676}, {"price": 4581, "isBuy": true, "qty": 99}, {"price": 4581, "isBuy": true, "qty": 99}, {"price": 4571, "isBuy": true, "qty": 2676}, {"price": 4548, "isBuy": true, "qty": 2676}, {"price": 4535, "isBuy": true, "qty": 98}, {"price": 4535, "isBuy": true, "qty": 98}, {"price": 4489, "isBuy": true, "qty": 97}, {"price": 4489, "isBuy": true, "qty": 97}], "symbol": "LKH", "venue": "BIZEX", "ts": "2016-04-13T05:56:45.070266077Z"}, {"ok": true, "asks": [{"price": 4888, "isBuy": false, "qty": 100}, {"price": 4902, "isBuy": false, "qty": 99}, {"price": 4913, "isBuy": false, "qty": 98}, {"price": 4936, "isBuy": false, "qty": 99}, {"price": 4950, "isBuy": false, "qty": 98}, {"price": 4984, "isBuy": false, "qty": 98}, {"price": 4998, "isBuy": false, "qty": 97}, {"price": 5032, "isBuy": false, "qty": 97}], "bids": [{"price": 4594, "isBuy": true, "qty": 2676}, {"price": 4581, "isBuy": true, "qty": 99}, {"price": 4581, "isBuy": true, "qty": 99}, {"price": 4571, "isBuy": true, "qty": 2676}, {"price": 4548, "isBuy": true, "qty": 2676}, {"price": 4535, "isBuy": true, "qty": 98}, {"price": 4535, "isBuy": true, "qty": 98}, {"price": 4489, "isBuy": true, "qty": 97}, {"price": 4489, "isBuy": true, "qty": 97}], "symbol": "LKH", "venue": "BIZEX", "ts": "2016-04-13T05:56:45.236284944Z"}, {"ok": true, "asks": [{"price": 4888, "isBuy": false, "qty": 100}, {"price": 4902, "isBuy": false, "qty": 99}, {"price": 4913, "isBuy": false, "qty": 98}, {"price": 4936, "isBuy": false, "qty": 99}, {"price": 4950, "isBuy": false, "qty": 98}, {"price": 4984, "isBuy": false, "qty": 98}, {"price": 4998, "isBuy": false, "qty": 97}, {"price": 5032, "isBuy": false, "qty": 97}], "bids": [{"price": 4594, "isBuy": true, "qty": 2676}, {"price": 4581, "isBuy": true, "qty": 99}, {"price": 4581, "isBuy": true, "qty": 99}, {"price": 4571, "isBuy": true, "qty": 2676}, {"price": 4548, "isBuy": true, "qty": 2676}, {"price": 4535, "isBuy": true, "qty": 98}, {"price": 4535, "isBuy": true, "qty": 98}, {"price": 4489, "isBuy": true, "qty": 97}, {"price": 4489, "isBuy": true, "qty": 97}], "symbol": "LKH", "venue": "BIZEX", "ts": "2016-04-13T05:56:45.402902509Z"}, {"ok": true, "asks": [{"price": 4888, "isBuy": false, "qty": 100}, {"price": 4902, "isBuy": false, "qty": 99}, {"price": 4913, "isBuy": false, "qty": 98}, {"price": 4936, "isBuy": false, "qty": 99}, {"price": 4950, "isBuy": false, "qty": 98}, {"price": 4984, "isBuy": false, "qty": 98}, {"price": 4998, "isBuy": false, "qty": 97}, {"price": 5032, "isBuy": false, "qty": 97}], "bids": [{"price": 4594, "isBuy": true, "qty": 2676}, {"price": 4581, "isBuy": true, "qty": 99}, {"price": 4581, "isBuy": true, "qty": 99}, {"price": 4581, "isBuy": true, "qty": 99}, {"price": 4571, "isBuy": true, "qty": 2676}, {"price": 4548, "isBuy": true, "qty": 2676}, {"price": 4536, "isBuy": true, "qty": 99}, {"price": 4535, "isBuy": true, "qty": 98}, {"price": 4535, "isBuy": true, "qty": 98}, {"price": 4491, "isBuy": true, "qty": 99}, {"price": 4489, "isBuy": true, "qty": 97}, {"price": 4489, "isBuy": true, "qty": 97}, {"price": 4446, "isBuy": true, "qty": 99}], "symbol": "LKH", "venue": "BIZEX", "ts": "2016-04-13T05:56:47.645673361Z"}, {"ok": true, "asks": [{"price": 4855, "isBuy": false, "qty": 7438}, {"price": 4879, "isBuy": false, "qty": 7438}, {"price": 4888, "isBuy": false, "qty": 100}, {"price": 4902, "isBuy": false, "qty": 99}, {"price": 4903, "isBuy": false, "qty": 7438}, {"price": 4913, "isBuy": false, "qty": 98}, {"price": 4936, "isBuy": false, "qty": 99}, {"price": 4950, "isBuy": false, "qty": 98}, {"price": 4984, "isBuy": false, "qty": 98}, {"price": 4998, "isBuy": false, "qty": 97}, {"price": 5032, "isBuy": false, "qty": 97}], "bids": [{"price": 4831, "isBuy": true, "qty": 6}, {"price": 4743, "isBuy": true, "qty": 2561}, {"price": 4726, "isBuy": true, "qty": 327}, {"price": 4720, "isBuy": true, "qty": 2561}, {"price": 4697, "isBuy": true, "qty": 2561}, {"price": 4581, "isBuy": true, "qty": 99}, {"price": 4581, "isBuy": true, "qty": 99}, {"price": 4581, "isBuy": true, "qty": 99}, {"price": 4536, "isBuy": true, "qty": 99}, {"price": 4535, "isBuy": true, "qty": 98}, {"price": 4535, "isBuy": true, "qty": 98}, {"price": 4491, "isBuy": true, "qty": 99}, {"price": 4489, "isBuy": true, "qty": 97}, {"price": 4489, "isBuy": true, "qty": 97}, {"price": 4446, "isBuy": true, "qty": 99}], "symbol": "LKH", "venue": "BIZEX", "ts": "2016-04-13T05:56:48.749208245Z"}, {"ok": true, "asks": [{"price": 4855, "isBuy": false, "qty": 7438}, {"price": 4879, "isBuy": false, "qty": 7438}, {"price": 4888, "isBuy": false, "qty": 100}, {"price": 4902, "isBuy": false, "qty": 99}, {"price": 4903, "isBuy": false, "qty": 7438}, {"price": 4913, "isBuy": false, "qty": 98}, {"price": 4936, "isBuy": false, "qty": 99}, {"price": 4950, "isBuy": false, "qty": 98}, {"price": 4984, "isBuy": false, "qty": 98}, {"price": 4998, "isBuy": false, "qty": 97}, {"price": 5032, "isBuy": false, "qty": 97}], "bids": [{"price": 4831, "isBuy": true, "qty": 6}, {"price": 4743, "isBuy": true, "qty": 2561}, {"price": 4726, "isBuy": true, "qty": 327}, {"price": 4720, "isBuy": true, "qty": 2561}, {"price": 4697, "isBuy": true, "qty": 2561}, {"price": 4581, "isBuy": true, "qty": 99}, {"price": 4581, "isBuy": true, "qty": 99}, {"price": 4581, "isBuy": true, "qty": 99}, {"price": 4536, "isBuy": true, "qty": 99}, {"price": 4535, "isBuy": true, "qty": 98}, {"price": 4535, "isBuy": true, "qty": 98}, {"price": 4491, "isBuy": true, "qty": 99}, {"price": 4489, "isBuy": true, "qty": 97}, {"price": 4489, "isBuy": true, "qty": 97}, {"price": 4446, "isBuy": true, "qty": 99}], "symbol": "LKH", "venue": "BIZEX", "ts": "2016-04-13T05:56:48.914081369Z"}, {"ok": true, "asks": [{"price": 4855, "isBuy": false, "qty": 7438}, {"price": 4879, "isBuy": false, "qty": 7438}, {"price": 4888, "isBuy": false, "qty": 100}, {"price": 4902, "isBuy": false, "qty": 99}, {"price": 4903, "isBuy": false, "qty": 7438}, {"price": 4913, "isBuy": false, "qty": 98}, {"price": 4936, "isBuy": false, "qty": 99}, {"price": 4950, "isBuy": false, "qty": 98}, {"price": 4984, "isBuy": false, "qty": 98}, {"price": 4998, "isBuy": false, "qty": 97}, {"price": 5032, "isBuy": false, "qty": 97}], "bids": [{"price": 4831, "isBuy": true, "qty": 6}, {"price": 4743, "isBuy": true, "qty": 2561}, {"price": 4726, "isBuy": true, "qty": 327}, {"price": 4720, "isBuy": true, "qty": 2561}, {"price": 4697, "isBuy": true, "qty": 2561}, {"price": 4581, "isBuy": true, "qty": 99}, {"price": 4581, "isBuy": true, "qty": 99}, {"price": 4581, "isBuy": true, "qty": 99}, {"price": 4536, "isBuy": true, "qty": 99}, {"price": 4535, "isBuy": true, "qty": 98}, {"price": 4535, "isBuy": true, "qty": 98}, {"price": 4491, "isBuy": true, "qty": 99}, {"price": 4489, "isBuy": true, "qty": 97}, {"price": 4489, "isBuy": true, "qty": 97}, {"price": 4446, "isBuy": true, "qty": 99}], "symbol": "LKH", "venue": "BIZEX", "ts": "2016-04-13T05:56:49.099299781Z"}, {"ok": true, "asks": [{"price": 4855, "isBuy": false, "qty": 7438}, {"price": 4879, "isBuy": false, "qty": 7438}, {"price": 4888, "isBuy": false, "qty": 100}, {"price": 4902, "isBuy": false, "qty": 99}, {"price": 4903, "isBuy": false, "qty": 7438}, {"price": 4913, "isBuy": false, "qty": 98}, {"price": 4936, "isBuy": false, "qty": 99}, {"price": 4950, "isBuy": false, "qty": 98}, {"price": 4984, "isBuy": false, "qty": 98}, {"price": 4998, "isBuy": false, "qty": 97}, {"price": 5032, "isBuy": false, "qty": 97}], "bids": [{"price": 4831, "isBuy": true, "qty": 6}, {"price": 4743, "isBuy": true, "qty": 2561}, {"price": 4726, "isBuy": true, "qty": 327}, {"price": 4720, "isBuy": true, "qty": 2561}, {"price": 4697, "isBuy": true, "qty": 2561}, {"price": 4581, "isBuy": true, "qty": 99}, {"price": 4581, "isBuy": true, "qty": 99}, {"price": 4581, "isBuy": true, "qty": 99}, {"price": 4536, "isBuy": true, "qty": 99}, {"price": 4535, "isBuy": true, "qty": 98}, {"price": 4535, "isBuy": true, "qty": 98}, {"price": 4491, "isBuy": true, "qty": 99}, {"price": 4489, "isBuy": true, "qty": 97}, {"price": 4489, "isBuy": true, "qty": 97}, {"price": 4446, "isBuy": true, "qty": 99}], "symbol": "LKH", "venue": "BIZEX", "ts": "2016-04-13T05:56:49.263351421Z"}, {"ok": true, "asks": [{"price": 4855, "isBuy": false, "qty": 7438}, {"price": 4879, "isBuy": false, "qty": 7438}, {"price": 4888, "isBuy": false, "qty": 100}, {"price": 4902, "isBuy": false, "qty": 99}, {"price": 4903, "isBuy": false, "qty": 7438}, {"price": 4913, "isBuy": false, "qty": 98}, {"price": 4936, "isBuy": false, "qty": 99}, {"price": 4950, "isBuy": false, "qty": 98}, {"price": 4984, "isBuy": false, "qty": 98}, {"price": 4998, "isBuy": false, "qty": 97}, {"price": 5032, "isBuy": false, "qty": 97}], "bids": [{"price": 4831, "isBuy": true, "qty": 6}, {"price": 4743, "isBuy": true, "qty": 2561}, {"price": 4726, "isBuy": true, "qty": 327}, {"price": 4720, "isBuy": true, "qty": 2561}, {"price": 4697, "isBuy": true, "qty": 2561}, {"price": 4581, "isBuy": true, "qty": 99}, {"price": 4581, "isBuy": true, "qty": 99}, {"price": 4581, "isBuy": true, "qty": 99}, {"price": 4536, "isBuy": true, "qty": 99}, {"price": 4535, "isBuy": true, "qty": 98}, {"price": 4535, "isBuy": true, "qty": 98}, {"price": 4491, "isBuy": true, "qty": 99}, {"price": 4489, "isBuy": true, "qty": 97}, {"price": 4489, "isBuy": true, "qty": 97}, {"price": 4446, "isBuy": true, "qty": 99}], "symbol": "LKH", "venue": "BIZEX", "ts": "2016-04-13T05:56:49.43354656Z"}, {"ok": true, "asks": [{"price": 4855, "isBuy": false, "qty": 7438}, {"price": 4879, "isBuy": false, "qty": 7438}, {"price": 4888, "isBuy": false, "qty": 100}, {"price": 4902, "isBuy": false, "qty": 99}, {"price": 4903, "isBuy": false, "qty": 7438}, {"price": 4913, "isBuy": false, "qty": 98}, {"price": 4936, "isBuy": false, "qty": 99}, {"price": 4950, "isBuy": false, "qty": 98}, {"price": 4984, "isBuy": false, "qty": 98}, {"price": 4998, "isBuy": false, "qty": 97}, {"price": 5032, "isBuy": false, "qty": 97}], "bids": [{"price": 4831, "isBuy": true, "qty": 6}, {"price": 4743, "isBuy": true, "qty": 2561}, {"price": 4726, "isBuy": true, "qty": 327}, {"price": 4720, "isBuy": true, "qty": 2561}, {"price": 4697, "isBuy": true, "qty": 2561}, {"price": 4581, "isBuy": true, "qty": 99}, {"price": 4581, "isBuy": true, "qty": 99}, {"price": 4581, "isBuy": true, "qty": 99}, {"price": 4536, "isBuy": true, "qty": 99}, {"price": 4535, "isBuy": true, "qty": 98}, {"price": 4535, "isBuy": true, "qty": 98}, {"price": 4491, "isBuy": true, "qty": 99}, {"price": 4489, "isBuy": true, "qty": 97}, {"price": 4489, "isBuy": true, "qty": 97}, {"price": 4446, "isBuy": true, "qty": 99}], "symbol": "LKH", "venue": "BIZEX", "ts": "2016-04-13T05:56:49.600553174Z"}, {"ok": true, "asks": [{"price": 4855, "isBuy": false, "qty": 7438}, {"price": 4879, "isBuy": false, "qty": 7438}, {"price": 4888, "isBuy": false, "qty": 100}, {"price": 4902, "isBuy": false, "qty": 99}, {"price": 4903, "isBuy": false, "qty": 7438}, {"price": 4913, "isBuy": false, "qty": 98}, {"price": 4936, "isBuy": false, "qty": 99}, {"price": 4950, "isBuy": false, "qty": 98}, {"price": 4984, "isBuy": false, "qty": 98}, {"price": 4998, "isBuy": false, "qty": 97}, {"price": 5032, "isBuy": false, "qty": 97}], "bids": [{"price": 4831, "isBuy": true, "qty": 6}, {"price": 4743, "isBuy": true, "qty": 2561}, {"price": 4726, "isBuy": true, "qty": 327}, {"price": 4720, "isBuy": true, "qty": 2561}, {"price": 4697, "isBuy": true, "qty": 2561}, {"price": 4581, "isBuy": true, "qty": 99}, {"price": 4581, "isBuy": true, "qty": 99}, {"price": 4581, "isBuy": true, "qty": 99}, {"price": 4536, "isBuy": true, "qty": 99}, {"price": 4535, "isBuy": true, "qty": 98}, {"price": 4535, "isBuy": true, "qty": 98}, {"price": 4491, "isBuy": true, "qty": 99}, {"price": 4489, "isBuy": true, "qty": 97}, {"price": 4489, "isBuy": true, "qty": 97}, {"price": 4446, "isBuy": true, "qty": 99}], "symbol": "LKH", "venue": "BIZEX", "ts": "2016-04-13T05:56:49.760783739Z"}, {"ok": true, "asks": [{"price": 4855, "isBuy": false, "qty": 7438}, {"price": 4879, "isBuy": false, "qty": 7438}, {"price": 4888, "isBuy": false, "qty": 100}, {"price": 4902, "isBuy": false, "qty": 99}, {"price": 4903, "isBuy": false, "qty": 7438}, {"price": 4913, "isBuy": false, "qty": 98}, {"price": 4936, "isBuy": false, "qty": 99}, {"price": 4950, "isBuy": false, "qty": 98}, {"price": 4984, "isBuy": false, "qty": 98}, {"price": 4998, "isBuy": false, "qty": 97}, {"price": 5032, "isBuy": false, "qty": 97}], "bids": [{"price": 4831, "isBuy": true, "qty": 6}, {"price": 4743, "isBuy": true, "qty": 2561}, {"price": 4726, "isBuy": true, "qty": 327}, {"price": 4720, "isBuy": true, "qty": 2561}, {"price": 4697, "isBuy": true, "qty": 2561}, {"price": 4581, "isBuy": true, "qty": 99}, {"price": 4581, "isBuy": true, "qty": 99}, {"price": 4581, "isBuy": true, "qty": 99}, {"price": 4536, "isBuy": true, "qty": 99}, {"price": 4535, "isBuy": true, "qty": 98}, {"price": 4535, "isBuy": true, "qty": 98}, {"price": 4491, "isBuy": true, "qty": 99}, {"price": 4489, "isBuy": true, "qty": 97}, {"price": 4489, "isBuy": true, "qty": 97}, {"price": 4446, "isBuy": true, "qty": 99}], "symbol": "LKH", "venue": "BIZEX", "ts": "2016-04-13T05:56:49.923397142Z"}, {"ok": true, "asks": [{"price": 4855, "isBuy": false, "qty": 7438}, {"price": 4879, "isBuy": false, "qty": 7438}, {"price": 4888, "isBuy": false, "qty": 100}, {"price": 4902, "isBuy": false, "qty": 99}, {"price": 4903, "isBuy": false, "qty": 7438}, {"price": 4913, "isBuy": false, "qty": 98}, {"price": 4936, "isBuy": false, "qty": 99}, {"price": 4950, "isBuy": false, "qty": 98}, {"price": 4984, "isBuy": false, "qty": 98}, {"price": 4998, "isBuy": false, "qty": 97}, {"price": 5032, "isBuy": false, "qty": 97}], "bids": [{"price": 4831, "isBuy": true, "qty": 6}, {"price": 4743, "isBuy": true, "qty": 2561}, {"price": 4726, "isBuy": true, "qty": 327}, {"price": 4720, "isBuy": true, "qty": 2561}, {"price": 4697, "isBuy": true, "qty": 2561}, {"price": 4581, "isBuy": true, "qty": 99}, {"price": 4581, "isBuy": true, "qty": 99}, {"price": 4581, "isBuy": true, "qty": 99}, {"price": 4536, "isBuy": true, "qty": 99}, {"price": 4535, "isBuy": true, "qty": 98}, {"price": 4535, "isBuy": true, "qty": 98}, {"price": 4491, "isBuy": true, "qty": 99}, {"price": 4489, "isBuy": true, "qty": 97}, {"price": 4489, "isBuy": true, "qty": 97}, {"price": 4446, "isBuy": true, "qty": 99}], "symbol": "LKH", "venue": "BIZEX", "ts": "2016-04-13T05:56:50.092399537Z"}, {"ok": true, "asks": [{"price": 4855, "isBuy": false, "qty": 7438}, {"price": 4879, "isBuy": false, "qty": 7438}, {"price": 4888, "isBuy": false, "qty": 100}, {"price": 4902, "isBuy": false, "qty": 99}, {"price": 4902, "isBuy": false, "qty": 99}, {"price": 4903, "isBuy": false, "qty": 7438}, {"price": 4913, "isBuy": false, "qty": 98}, {"price": 4936, "isBuy": false, "qty": 99}, {"price": 4950, "isBuy": false, "qty": 98}, {"price": 4984, "isBuy": false, "qty": 98}, {"price": 4998, "isBuy": false, "qty": 97}, {"price": 5032, "isBuy": false, "qty": 97}], "bids": [{"price": 4831, "isBuy": true, "qty": 6}, {"price": 4743, "isBuy": true, "qty": 2561}, {"price": 4726, "isBuy": true, "qty": 327}, {"price": 4720, "isBuy": true, "qty": 2561}, {"price": 4697, "isBuy": true, "qty": 2561}, {"price": 4581, "isBuy": true, "qty": 99}, {"price": 4581, "isBuy": true, "qty": 99}, {"price": 4581, "isBuy": true, "qty": 99}, {"price": 4536, "isBuy": true, "qty": 99}, {"price": 4535, "isBuy": true, "qty": 98}, {"price": 4535, "isBuy": true, "qty": 98}, {"price": 4491, "isBuy": true, "qty": 99}, {"price": 4489, "isBuy": true, "qty": 97}, {"price": 4489, "isBuy": true, "qty": 97}, {"price": 4446, "isBuy": true, "qty": 99}], "symbol": "LKH", "venue": "BIZEX", "ts": "2016-04-13T05:56:50.25575694Z"}, {"ok": true, "asks": [{"price": 4855, "isBuy": false, "qty": 7438}, {"price": 4879, "isBuy": false, "qty": 7438}, {"price": 4888, "isBuy": false, "qty": 100}, {"price": 4902, "isBuy": false, "qty": 99}, {"price": 4902, "isBuy": false, "qty": 99}, {"price": 4903, "isBuy": false, "qty": 7438}, {"price": 4913, "isBuy": false, "qty": 98}, {"price": 4936, "isBuy": false, "qty": 99}, {"price": 4950, "isBuy": false, "qty": 98}, {"price": 4951, "isBuy": false, "qty": 99}, {"price": 4984, "isBuy": false, "qty": 98}, {"price": 4998, "isBuy": false, "qty": 97}, {"price": 5032, "isBuy": false, "qty": 97}], "bids": [{"price": 4831, "isBuy": true, "qty": 6}, {"price": 4743, "isBuy": true, "qty": 2561}, {"price": 4726, "isBuy": true, "qty": 327}, {"price": 4720, "isBuy": true, "qty": 2561}, {"price": 4697, "isBuy": true, "qty": 2561}, {"price": 4581, "isBuy": true, "qty": 99}, {"price": 4581, "isBuy": true, "qty": 99}, {"price": 4581, "isBuy": true, "qty": 99}, {"price": 4536, "isBuy": true, "qty": 99}, {"price": 4535, "isBuy": true, "qty": 98}, {"price": 4535, "isBuy": true, "qty": 98}, {"price": 4491, "isBuy": true, "qty": 99}, {"price": 4489, "isBuy": true, "qty": 97}, {"price": 4489, "isBuy": true, "qty": 97}, {"price": 4446, "isBuy": true, "qty": 99}], "symbol": "LKH", "venue": "BIZEX", "ts": "2016-04-13T05:56:50.496012552Z"}, {"ok": true, "asks": [{"price": 4855, "isBuy": false, "qty": 7438}, {"price": 4879, "isBuy": false, "qty": 7438}, {"price": 4888, "isBuy": false, "qty": 100}, {"price": 4902, "isBuy": false, "qty": 99}, {"price": 4902, "isBuy": false, "qty": 99}, {"price": 4903, "isBuy": false, "qty": 7438}, {"price": 4913, "isBuy": false, "qty": 98}, {"price": 4936, "isBuy": false, "qty": 99}, {"price": 4950, "isBuy": false, "qty": 98}, {"price": 4951, "isBuy": false, "qty": 99}, {"price": 4984, "isBuy": false, "qty": 98}, {"price": 4998, "isBuy": false, "qty": 97}, {"price": 5000, "isBuy": false, "qty": 99}, {"price": 5032, "isBuy": false, "qty": 97}], "bids": [{"price": 4831, "isBuy": true, "qty": 6}, {"price": 4743, "isBuy": true, "qty": 2561}, {"price": 4726, "isBuy": true, "qty": 327}, {"price": 4720, "isBuy": true, "qty": 2561}, {"price": 4697, "isBuy": true, "qty": 2561}, {"price": 4581, "isBuy": true, "qty": 99}, {"price": 4581, "isBuy": true, "qty": 99}, {"price": 4581, "isBuy": true, "qty": 99}, {"price": 4536, "isBuy": true, "qty": 99}, {"price": 4535, "isBuy": true, "qty": 98}, {"price": 4535, "isBuy": true, "qty": 98}, {"price": 4491, "isBuy": true, "qty": 99}, {"price": 4489, "isBuy": true, "qty": 97}, {"price": 4489, "isBuy": true, "qty": 97}, {"price": 4446, "isBuy": true, "qty": 99}], "symbol": "LKH", "venue": "BIZEX", "ts": "2016-04-13T05:56:50.660967797Z"}, {"ok": true, "asks": [{"price": 4855, "isBuy": false, "qty": 7438}, {"price": 4879, "isBuy": false, "qty": 7438}, {"price": 4888, "isBuy": false, "qty": 100}, {"price": 4902, "isBuy": false, "qty": 99}, {"price": 4902, "isBuy": false, "qty": 99}, {"price": 4903, "isBuy": false, "qty": 7438}, {"price": 4913, "isBuy": false, "qty": 98}, {"price": 4936, "isBuy": false, "qty": 99}, {"price": 4950, "isBuy": false, "qty": 98}, {"price": 4951, "isBuy": false, "qty": 99}, {"price": 4984, "isBuy": false, "qty": 98}, {"price": 4998, "isBuy": false, "qty": 97}, {"price": 5000, "isBuy": false, "qty": 99}, {"price": 5032, "isBuy": false, "qty": 97}], "bids": [{"price": 4831, "isBuy": true, "qty": 6}, {"price": 4743, "isBuy": true, "qty": 2561}, {"price": 4726, "isBuy": true, "qty": 327}, {"price": 4720, "isBuy": true, "qty": 2561}, {"price": 4697, "isBuy": true, "qty": 2561}, {"price": 4581, "isBuy": true, "qty": 99}, {"price": 4581, "isBuy": true, "qty": 99}, {"price": 4581, "isBuy": true, "qty": 99}, {"price": 4536, "isBuy": true, "qty": 99}, {"price": 4535, "isBuy": true, "qty": 98}, {"price": 4535, "isBuy": true, "qty": 98}, {"price": 4491, "isBuy": true, "qty": 99}, {"price": 4489, "isBuy": true, "qty": 97}, {"price": 4489, "isBuy": true, "qty": 97}, {"price": 4446, "isBuy": true, "qty": 99}], "symbol": "LKH", "venue": "BIZEX", "ts": "2016-04-13T05:56:50.828341346Z"}, {"ok": true, "asks": [{"price": 4855, "isBuy": false, "qty": 7438}, {"price": 4879, "isBuy": false, "qty": 7438}, {"price": 4888, "isBuy": false, "qty": 100}, {"price": 4902, "isBuy": false, "qty": 99}, {"price": 4902, "isBuy": false, "qty": 99}, {"price": 4903, "isBuy": false, "qty": 7438}, {"price": 4913, "isBuy": false, "qty": 98}, {"price": 4936, "isBuy": false, "qty": 99}, {"price": 4950, "isBuy": false, "qty": 98}, {"price": 4951, "isBuy": false, "qty": 99}, {"price": 4984, "isBuy": false, "qty": 98}, {"price": 4998, "isBuy": false, "qty": 97}, {"price": 5000, "isBuy": false, "qty": 99}, {"price": 5032, "isBuy": false, "qty": 97}], "bids": [{"price": 4831, "isBuy": true, "qty": 6}, {"price": 4743, "isBuy": true, "qty": 2561}, {"price": 4726, "isBuy": true, "qty": 327}, {"price": 4720, "isBuy": true, "qty": 2561}, {"price": 4697, "isBuy": true, "qty": 2561}, {"price": 4581, "isBuy": true, "qty": 99}, {"price": 4581, "isBuy": true, "qty": 99}, {"price": 4581, "isBuy": true, "qty": 99}, {"price": 4536, "isBuy": true, "qty": 99}, {"price": 4535, "isBuy": true, "qty": 98}, {"price": 4535, "isBuy": true, "qty": 98}, {"price": 4491, "isBuy": true, "qty": 99}, {"price": 4489, "isBuy": true, "qty": 97}, {"price": 4489, "isBuy": true, "qty": 97}, {"price": 4446, "isBuy": true, "qty": 99}], "symbol": "LKH", "venue": "BIZEX", "ts": "2016-04-13T05:56:50.963063203Z"}, {"ok": true, "asks": [{"price": 4855, "isBuy": false, "qty": 7438}, {"price": 4879, "isBuy": false, "qty": 7438}, {"price": 4888, "isBuy": false, "qty": 100}, {"price": 4902, "isBuy": false, "qty": 99}, {"price": 4902, "isBuy": false, "qty": 99}, {"price": 4903, "isBuy": false, "qty": 7438}, {"price": 4913, "isBuy": false, "qty": 98}, {"price": 4936, "isBuy": false, "qty": 99}, {"price": 4950, "isBuy": false, "qty": 98}, {"price": 4951, "isBuy": false, "qty": 99}, {"price": 4984, "isBuy": false, "qty": 98}, {"price": 4998, "isBuy": false, "qty": 97}, {"price": 5000, "isBuy": false, "qty": 99}, {"price": 5032, "isBuy": false, "qty": 97}], "bids": [{"price": 4831, "isBuy": true, "qty": 6}, {"price": 4743, "isBuy": true, "qty": 2561}, {"price": 4726, "isBuy": true, "qty": 327}, {"price": 4720, "isBuy": true, "qty": 2561}, {"price": 4697, "isBuy": true, "qty": 2561}, {"price": 4581, "isBuy": true, "qty": 99}, {"price": 4581, "isBuy": true, "qty": 99}, {"price": 4581, "isBuy": true, "qty": 99}, {"price": 4536, "isBuy": true, "qty": 99}, {"price": 4535, "isBuy": true, "qty": 98}, {"price": 4535, "isBuy": true, "qty": 98}, {"price": 4491, "isBuy": true, "qty": 99}, {"price": 4489, "isBuy": true, "qty": 97}, {"price": 4489, "isBuy": true, "qty": 97}, {"price": 4446, "isBuy": true, "qty": 99}], "symbol": "LKH", "venue": "BIZEX", "ts": "2016-04-13T05:56:51.007368611Z"}, {"ok": true, "asks": [{"price": 4855, "isBuy": false, "qty": 7438}, {"price": 4879, "isBuy": false, "qty": 7438}, {"price": 4888, "isBuy": false, "qty": 100}, {"price": 4902, "isBuy": false, "qty": 99}, {"price": 4902, "isBuy": false, "qty": 99}, {"price": 4903, "isBuy": false, "qty": 7438}, {"price": 4913, "isBuy": false, "qty": 98}, {"price": 4936, "isBuy": false, "qty": 99}, {"price": 4950, "isBuy": false, "qty": 98}, {"price": 4951, "isBuy": false, "qty": 99}, {"price": 4984, "isBuy": false, "qty": 98}, {"price": 4998, "isBuy": false, "qty": 97}, {"price": 5000, "isBuy": false, "qty": 99}, {"price": 5032, "isBuy": false, "qty": 97}], "bids": [{"price": 4831, "isBuy": true, "qty": 6}, {"price": 4743, "isBuy": true, "qty": 2561}, {"price": 4726, "isBuy": true, "qty": 327}, {"price": 4720, "isBuy": true, "qty": 2561}, {"price": 4697, "isBuy": true, "qty": 2561}, {"price": 4581, "isBuy": true, "qty": 99}, {"price": 4581, "isBuy": true, "qty": 99}, {"price": 4581, "isBuy": true, "qty": 99}, {"price": 4536, "isBuy": true, "qty": 99}, {"price": 4535, "isBuy": true, "qty": 98}, {"price": 4535, "isBuy": true, "qty": 98}, {"price": 4491, "isBuy": true, "qty": 99}, {"price": 4489, "isBuy": true, "qty": 97}, {"price": 4489, "isBuy": true, "qty": 97}, {"price": 4446, "isBuy": true, "qty": 99}], "symbol": "LKH", "venue": "BIZEX", "ts": "2016-04-13T05:56:51.175018589Z"}, {"ok": true, "asks": [{"price": 4855, "isBuy": false, "qty": 7438}, {"price": 4879, "isBuy": false, "qty": 7438}, {"price": 4888, "isBuy": false, "qty": 100}, {"price": 4902, "isBuy": false, "qty": 99}, {"price": 4902, "isBuy": false, "qty": 99}, {"price": 4903, "isBuy": false, "qty": 7438}, {"price": 4913, "isBuy": false, "qty": 98}, {"price": 4936, "isBuy": false, "qty": 99}, {"price": 4950, "isBuy": false, "qty": 98}, {"price": 4951, "isBuy": false, "qty": 99}, {"price": 4984, "isBuy": false, "qty": 98}, {"price": 4998, "isBuy": false, "qty": 97}, {"price": 5000, "isBuy": false, "qty": 99}, {"price": 5032, "isBuy": false, "qty": 97}], "bids": [{"price": 4831, "isBuy": true, "qty": 6}, {"price": 4743, "isBuy": true, "qty": 2561}, {"price": 4726, "isBuy": true, "qty": 327}, {"price": 4720, "isBuy": true, "qty": 2561}, {"price": 4697, "isBuy": true, "qty": 2561}, {"price": 4581, "isBuy": true, "qty": 99}, {"price": 4581, "isBuy": true, "qty": 99}, {"price": 4581, "isBuy": true, "qty": 99}, {"price": 4536, "isBuy": true, "qty": 99}, {"price": 4535, "isBuy": true, "qty": 98}, {"price": 4535, "isBuy": true, "qty": 98}, {"price": 4491, "isBuy": true, "qty": 99}, {"price": 4489, "isBuy": true, "qty": 97}, {"price": 4489, "isBuy": true, "qty": 97}, {"price": 4446, "isBuy": true, "qty": 99}], "symbol": "LKH", "venue": "BIZEX", "ts": "2016-04-13T05:56:51.338841699Z"}, {"ok": true, "asks": [{"price": 4855, "isBuy": false, "qty": 7438}, {"price": 4879, "isBuy": false, "qty": 7438}, {"price": 4888, "isBuy": false, "qty": 100}, {"price": 4902, "isBuy": false, "qty": 99}, {"price": 4902, "isBuy": false, "qty": 99}, {"price": 4903, "isBuy": false, "qty": 7438}, {"price": 4913, "isBuy": false, "qty": 98}, {"price": 4936, "isBuy": false, "qty": 99}, {"price": 4950, "isBuy": false, "qty": 98}, {"price": 4951, "isBuy": false, "qty": 99}, {"price": 4984, "isBuy": false, "qty": 98}, {"price": 4998, "isBuy": false, "qty": 97}, {"price": 5000, "isBuy": false, "qty": 99}, {"price": 5032, "isBuy": false, "qty": 97}], "bids": [{"price": 4831, "isBuy": true, "qty": 6}, {"price": 4743, "isBuy": true, "qty": 2561}, {"price": 4726, "isBuy": true, "qty": 327}, {"price": 4720, "isBuy": true, "qty": 2561}, {"price": 4697, "isBuy": true, "qty": 2561}, {"price": 4581, "isBuy": true, "qty": 99}, {"price": 4581, "isBuy": true, "qty": 99}, {"price": 4581, "isBuy": true, "qty": 99}, {"price": 4536, "isBuy": true, "qty": 99}, {"price": 4535, "isBuy": true, "qty": 98}, {"price": 4535, "isBuy": true, "qty": 98}, {"price": 4491, "isBuy": true, "qty": 99}, {"price": 4489, "isBuy": true, "qty": 97}, {"price": 4489, "isBuy": true, "qty": 97}, {"price": 4446, "isBuy": true, "qty": 99}], "symbol": "LKH", "venue": "BIZEX", "ts": "2016-04-13T05:56:51.50479041Z"}, {"ok": true, "asks": [{"price": 4855, "isBuy": false, "qty": 7438}, {"price": 4879, "isBuy": false, "qty": 7438}, {"price": 4888, "isBuy": false, "qty": 100}, {"price": 4902, "isBuy": false, "qty": 99}, {"price": 4902, "isBuy": false, "qty": 99}, {"price": 4903, "isBuy": false, "qty": 7438}, {"price": 4913, "isBuy": false, "qty": 98}, {"price": 4936, "isBuy": false, "qty": 99}, {"price": 4950, "isBuy": false, "qty": 98}, {"price": 4951, "isBuy": false, "qty": 99}, {"price": 4984, "isBuy": false, "qty": 98}, {"price": 4998, "isBuy": false, "qty": 97}, {"price": 5000, "isBuy": false, "qty": 99}, {"price": 5032, "isBuy": false, "qty": 97}], "bids": [{"price": 4831, "isBuy": true, "qty": 6}, {"price": 4743, "isBuy": true, "qty": 2561}, {"price": 4726, "isBuy": true, "qty": 327}, {"price": 4720, "isBuy": true, "qty": 2561}, {"price": 4697, "isBuy": true, "qty": 2561}, {"price": 4581, "isBuy": true, "qty": 99}, {"price": 4581, "isBuy": true, "qty": 99}, {"price": 4581, "isBuy": true, "qty": 99}, {"price": 4536, "isBuy": true, "qty": 99}, {"price": 4535, "isBuy": true, "qty": 98}, {"price": 4535, "isBuy": true, "qty": 98}, {"price": 4491, "isBuy": true, "qty": 99}, {"price": 4489, "isBuy": true, "qty": 97}, {"price": 4489, "isBuy": true, "qty": 97}, {"price": 4446, "isBuy": true, "qty": 99}], "symbol": "LKH", "venue": "BIZEX", "ts": "2016-04-13T05:56:51.663703873Z"}, {"ok": true, "asks": [{"price": 4806, "isBuy": false, "qty": 7544}, {"price": 4829, "isBuy": false, "qty": 7544}, {"price": 4852, "isBuy": false, "qty": 7544}, {"price": 4888, "isBuy": false, "qty": 100}, {"price": 4902, "isBuy": false, "qty": 99}, {"price": 4902, "isBuy": false, "qty": 99}, {"price": 4913, "isBuy": false, "qty": 98}, {"price": 4936, "isBuy": false, "qty": 99}, {"price": 4950, "isBuy": false, "qty": 98}, {"price": 4951, "isBuy": false, "qty": 99}, {"price": 4984, "isBuy": false, "qty": 98}, {"price": 4998, "isBuy": false, "qty": 97}, {"price": 5000, "isBuy": false, "qty": 99}, {"price": 5032, "isBuy": false, "qty": 97}], "bids": [{"price": 4760, "isBuy": true, "qty": 2348}, {"price": 4743, "isBuy": true, "qty": 100}, {"price": 4737, "isBuy": true, "qty": 2348}, {"price": 4714, "isBuy": true, "qty": 2348}, {"price": 4696, "isBuy": true, "qty": 99}, {"price": 4649, "isBuy": true, "qty": 98}, {"price": 4602, "isBuy": true, "qty": 97}, {"price": 4581, "isBuy": true, "qty": 99}, {"price": 4581, "isBuy": true, "qty": 99}, {"price": 4581, "isBuy": true, "qty": 99}, {"price": 4536, "isBuy": true, "qty": 99}, {"price": 4535, "isBuy": true, "qty": 98}, {"price": 4535, "isBuy": true, "qty": 98}, {"price": 4491, "isBuy": true, "qty": 99}, {"price": 4489, "isBuy": true, "qty": 97}, {"price": 4489, "isBuy": true, "qty": 97}, {"price": 4446, "isBuy": true, "qty": 99}], "symbol": "LKH", "venue": "BIZEX", "ts": "2016-04-13T05:56:54.400889434Z"}, {"ok": true, "asks": [{"price": 4806, "isBuy": false, "qty": 7544}, {"price": 4829, "isBuy": false, "qty": 7544}, {"price": 4852, "isBuy": false, "qty": 7544}, {"price": 4888, "isBuy": false, "qty": 100}, {"price": 4902, "isBuy": false, "qty": 99}, {"price": 4902, "isBuy": false, "qty": 99}, {"price": 4913, "isBuy": false, "qty": 98}, {"price": 4936, "isBuy": false, "qty": 99}, {"price": 4950, "isBuy": false, "qty": 98}, {"price": 4951, "isBuy": false, "qty": 99}, {"price": 4984, "isBuy": false, "qty": 98}, {"price": 4998, "isBuy": false, "qty": 97}, {"price": 5000, "isBuy": false, "qty": 99}, {"price": 5032, "isBuy": false, "qty": 97}], "bids": [{"price": 4760, "isBuy": true, "qty": 2348}, {"price": 4743, "isBuy": true, "qty": 100}, {"price": 4737, "isBuy": true, "qty": 2348}, {"price": 4714, "isBuy": true, "qty": 2348}, {"price": 4696, "isBuy": true, "qty": 99}, {"price": 4649, "isBuy": true, "qty": 98}, {"price": 4602, "isBuy": true, "qty": 97}, {"price": 4581, "isBuy": true, "qty": 99}, {"price": 4581, "isBuy": true, "qty": 99}, {"price": 4581, "isBuy": true, "qty": 99}, {"price": 4536, "isBuy": true, "qty": 99}, {"price": 4535, "isBuy": true, "qty": 98}, {"price": 4535, "isBuy": true, "qty": 98}, {"price": 4491, "isBuy": true, "qty": 99}, {"price": 4489, "isBuy": true, "qty": 97}, {"price": 4489, "isBuy": true, "qty": 97}, {"price": 4446, "isBuy": true, "qty": 99}], "symbol": "LKH", "venue": "BIZEX", "ts": "2016-04-13T05:56:55.010766453Z"}, {"ok": true, "asks": [{"price": 4806, "isBuy": false, "qty": 7544}, {"price": 4829, "isBuy": false, "qty": 7544}, {"price": 4852, "isBuy": false, "qty": 7544}, {"price": 4888, "isBuy": false, "qty": 100}, {"price": 4902, "isBuy": false, "qty": 99}, {"price": 4902, "isBuy": false, "qty": 99}, {"price": 4913, "isBuy": false, "qty": 98}, {"price": 4936, "isBuy": false, "qty": 99}, {"price": 4950, "isBuy": false, "qty": 98}, {"price": 4951, "isBuy": false, "qty": 99}, {"price": 4984, "isBuy": false, "qty": 98}, {"price": 4998, "isBuy": false, "qty": 97}, {"price": 5000, "isBuy": false, "qty": 99}, {"price": 5032, "isBuy": false, "qty": 97}], "bids": [{"price": 4760, "isBuy": true, "qty": 2348}, {"price": 4743, "isBuy": true, "qty": 100}, {"price": 4737, "isBuy": true, "qty": 2348}, {"price": 4714, "isBuy": true, "qty": 2348}, {"price": 4696, "isBuy": true, "qty": 99}, {"price": 4649, "isBuy": true, "qty": 98}, {"price": 4602, "isBuy": true, "qty": 97}, {"price": 4581, "isBuy": true, "qty": 99}, {"price": 4581, "isBuy": true, "qty": 99}, {"price": 4581, "isBuy": true, "qty": 99}, {"price": 4536, "isBuy": true, "qty": 99}, {"price": 4535, "isBuy": true, "qty": 98}, {"price": 4535, "isBuy": true, "qty": 98}, {"price": 4491, "isBuy": true, "qty": 99}, {"price": 4489, "isBuy": true, "qty": 97}, {"price": 4489, "isBuy": true, "qty": 97}, {"price": 4446, "isBuy": true, "qty": 99}], "symbol": "LKH", "venue": "BIZEX", "ts": "2016-04-13T05:56:55.174902319Z"}, {"ok": true, "asks": [{"price": 4806, "isBuy": false, "qty": 7544}, {"price": 4829, "isBuy": false, "qty": 7544}, {"price": 4852, "isBuy": false, "qty": 7544}, {"price": 4888, "isBuy": false, "qty": 100}, {"price": 4902, "isBuy": false, "qty": 99}, {"price": 4902, "isBuy": false, "qty": 99}, {"price": 4913, "isBuy": false, "qty": 98}, {"price": 4936, "isBuy": false, "qty": 99}, {"price": 4950, "isBuy": false, "qty": 98}, {"price": 4951, "isBuy": false, "qty": 99}, {"price": 4984, "isBuy": false, "qty": 98}, {"price": 4998, "isBuy": false, "qty": 97}, {"price": 5000, "isBuy": false, "qty": 99}, {"price": 5032, "isBuy": false, "qty": 97}], "bids": [{"price": 4760, "isBuy": true, "qty": 2348}, {"price": 4743, "isBuy": true, "qty": 100}, {"price": 4737, "isBuy": true, "qty": 2348}, {"price": 4714, "isBuy": true, "qty": 2348}, {"price": 4696, "isBuy": true, "qty": 99}, {"price": 4649, "isBuy": true, "qty": 98}, {"price": 4602, "isBuy": true, "qty": 97}, {"price": 4581, "isBuy": true, "qty": 99}, {"price": 4581, "isBuy": true, "qty": 99}, {"price": 4581, "isBuy": true, "qty": 99}, {"price": 4536, "isBuy": true, "qty": 99}, {"price": 4535, "isBuy": true, "qty": 98}, {"price": 4535, "isBuy": true, "qty": 98}, {"price": 4491, "isBuy": true, "qty": 99}, {"price": 4489, "isBuy": true, "qty": 97}, {"price": 4489, "isBuy": true, "qty": 97}, {"price": 4446, "isBuy": true, "qty": 99}], "symbol": "LKH", "venue": "BIZEX", "ts": "2016-04-13T05:56:55.342855731Z"}, {"ok": true, "asks": [{"price": 4806, "isBuy": false, "qty": 7544}, {"price": 4829, "isBuy": false, "qty": 7544}, {"price": 4852, "isBuy": false, "qty": 7544}, {"price": 4888, "isBuy": false, "qty": 100}, {"price": 4902, "isBuy": false, "qty": 99}, {"price": 4902, "isBuy": false, "qty": 99}, {"price": 4913, "isBuy": false, "qty": 98}, {"price": 4936, "isBuy": false, "qty": 99}, {"price": 4950, "isBuy": false, "qty": 98}, {"price": 4951, "isBuy": false, "qty": 99}, {"price": 4984, "isBuy": false, "qty": 98}, {"price": 4998, "isBuy": false, "qty": 97}, {"price": 5000, "isBuy": false, "qty": 99}, {"price": 5032, "isBuy": false, "qty": 97}], "bids": [{"price": 4760, "isBuy": true, "qty": 2348}, {"price": 4743, "isBuy": true, "qty": 100}, {"price": 4737, "isBuy": true, "qty": 2348}, {"price": 4714, "isBuy": true, "qty": 2348}, {"price": 4696, "isBuy": true, "qty": 99}, {"price": 4649, "isBuy": true, "qty": 98}, {"price": 4602, "isBuy": true, "qty": 97}, {"price": 4581, "isBuy": true, "qty": 99}, {"price": 4581, "isBuy": true, "qty": 99}, {"price": 4581, "isBuy": true, "qty": 99}, {"price": 4536, "isBuy": true, "qty": 99}, {"price": 4535, "isBuy": true, "qty": 98}, {"price": 4535, "isBuy": true, "qty": 98}, {"price": 4491, "isBuy": true, "qty": 99}, {"price": 4489, "isBuy": true, "qty": 97}, {"price": 4489, "isBuy": true, "qty": 97}, {"price": 4446, "isBuy": true, "qty": 99}], "symbol": "LKH", "venue": "BIZEX", "ts": "2016-04-13T05:56:55.512039076Z"}, {"ok": true, "asks": [{"price": 4806, "isBuy": false, "qty": 7544}, {"price": 4829, "isBuy": false, "qty": 7544}, {"price": 4852, "isBuy": false, "qty": 7544}, {"price": 4888, "isBuy": false, "qty": 100}, {"price": 4902, "isBuy": false, "qty": 99}, {"price": 4902, "isBuy": false, "qty": 99}, {"price": 4913, "isBuy": false, "qty": 98}, {"price": 4936, "isBuy": false, "qty": 99}, {"price": 4950, "isBuy": false, "qty": 98}, {"price": 4951, "isBuy": false, "qty": 99}, {"price": 4984, "isBuy": false, "qty": 98}, {"price": 4998, "isBuy": false, "qty": 97}, {"price": 5000, "isBuy": false, "qty": 99}, {"price": 5032, "isBuy": false, "qty": 97}], "bids": [{"price": 4760, "isBuy": true, "qty": 2348}, {"price": 4743, "isBuy": true, "qty": 100}, {"price": 4737, "isBuy": true, "qty": 2348}, {"price": 4714, "isBuy": true, "qty": 2348}, {"price": 4696, "isBuy": true, "qty": 99}, {"price": 4649, "isBuy": true, "qty": 98}, {"price": 4602, "isBuy": true, "qty": 97}, {"price": 4581, "isBuy": true, "qty": 99}, {"price": 4581, "isBuy": true, "qty": 99}, {"price": 4581, "isBuy": true, "qty": 99}, {"price": 4536, "isBuy": true, "qty": 99}, {"price": 4535, "isBuy": true, "qty": 98}, {"price": 4535, "isBuy": true, "qty": 98}, {"price": 4491, "isBuy": true, "qty": 99}, {"price": 4489, "isBuy": true, "qty": 97}, {"price": 4489, "isBuy": true, "qty": 97}, {"price": 4446, "isBuy": true, "qty": 99}], "symbol": "LKH", "venue": "BIZEX", "ts": "2016-04-13T05:56:55.678278118Z"}, {"ok": true, "asks": [{"price": 4806, "isBuy": false, "qty": 7544}, {"price": 4829, "isBuy": false, "qty": 7544}, {"price": 4852, "isBuy": false, "qty": 7544}, {"price": 4888, "isBuy": false, "qty": 100}, {"price": 4902, "isBuy": false, "qty": 99}, {"price": 4902, "isBuy": false, "qty": 99}, {"price": 4913, "isBuy": false, "qty": 98}, {"price": 4936, "isBuy": false, "qty": 99}, {"price": 4950, "isBuy": false, "qty": 98}, {"price": 4951, "isBuy": false, "qty": 99}, {"price": 4984, "isBuy": false, "qty": 98}, {"price": 4998, "isBuy": false, "qty": 97}, {"price": 5000, "isBuy": false, "qty": 99}, {"price": 5032, "isBuy": false, "qty": 97}], "bids": [{"price": 4760, "isBuy": true, "qty": 2348}, {"price": 4743, "isBuy": true, "qty": 100}, {"price": 4737, "isBuy": true, "qty": 2348}, {"price": 4714, "isBuy": true, "qty": 2348}, {"price": 4696, "isBuy": true, "qty": 99}, {"price": 4649, "isBuy": true, "qty": 98}, {"price": 4602, "isBuy": true, "qty": 97}, {"price": 4581, "isBuy": true, "qty": 99}, {"price": 4581, "isBuy": true, "qty": 99}, {"price": 4581, "isBuy": true, "qty": 99}, {"price": 4536, "isBuy": true, "qty": 99}, {"price": 4535, "isBuy": true, "qty": 98}, {"price": 4535, "isBuy": true, "qty": 98}, {"price": 4491, "isBuy": true, "qty": 99}, {"price": 4489, "isBuy": true, "qty": 97}, {"price": 4489, "isBuy": true, "qty": 97}, {"price": 4446, "isBuy": true, "qty": 99}], "symbol": "LKH", "venue": "BIZEX", "ts": "2016-04-13T05:56:55.837484515Z"}, {"ok": true, "asks": [{"price": 4806, "isBuy": false, "qty": 7544}, {"price": 4829, "isBuy": false, "qty": 7544}, {"price": 4852, "isBuy": false, "qty": 7544}, {"price": 4888, "isBuy": false, "qty": 100}, {"price": 4902, "isBuy": false, "qty": 99}, {"price": 4902, "isBuy": false, "qty": 99}, {"price": 4913, "isBuy": false, "qty": 98}, {"price": 4936, "isBuy": false, "qty": 99}, {"price": 4950, "isBuy": false, "qty": 98}, {"price": 4951, "isBuy": false, "qty": 99}, {"price": 4984, "isBuy": false, "qty": 98}, {"price": 4998, "isBuy": false, "qty": 97}, {"price": 5000, "isBuy": false, "qty": 99}, {"price": 5032, "isBuy": false, "qty": 97}], "bids": [{"price": 4760, "isBuy": true, "qty": 2348}, {"price": 4743, "isBuy": true, "qty": 100}, {"price": 4737, "isBuy": true, "qty": 2348}, {"price": 4714, "isBuy": true, "qty": 2348}, {"price": 4696, "isBuy": true, "qty": 99}, {"price": 4649, "isBuy": true, "qty": 98}, {"price": 4602, "isBuy": true, "qty": 97}, {"price": 4581, "isBuy": true, "qty": 99}, {"price": 4581, "isBuy": true, "qty": 99}, {"price": 4581, "isBuy": true, "qty": 99}, {"price": 4536, "isBuy": true, "qty": 99}, {"price": 4535, "isBuy": true, "qty": 98}, {"price": 4535, "isBuy": true, "qty": 98}, {"price": 4491, "isBuy": true, "qty": 99}, {"price": 4489, "isBuy": true, "qty": 97}, {"price": 4489, "isBuy": true, "qty": 97}, {"price": 4446, "isBuy": true, "qty": 99}], "symbol": "LKH", "venue": "BIZEX", "ts": "2016-04-13T05:56:55.995869562Z"}, {"ok": true, "asks": [{"price": 4806, "isBuy": false, "qty": 7544}, {"price": 4829, "isBuy": false, "qty": 7544}, {"price": 4852, "isBuy": false, "qty": 7544}, {"price": 4888, "isBuy": false, "qty": 100}, {"price": 4902, "isBuy": false, "qty": 99}, {"price": 4902, "isBuy": false, "qty": 99}, {"price": 4913, "isBuy": false, "qty": 98}, {"price": 4936, "isBuy": false, "qty": 99}, {"price": 4950, "isBuy": false, "qty": 98}, {"price": 4951, "isBuy": false, "qty": 99}, {"price": 4984, "isBuy": false, "qty": 98}, {"price": 4998, "isBuy": false, "qty": 97}, {"price": 5000, "isBuy": false, "qty": 99}, {"price": 5032, "isBuy": false, "qty": 97}], "bids": [{"price": 4760, "isBuy": true, "qty": 2348}, {"price": 4743, "isBuy": true, "qty": 100}, {"price": 4737, "isBuy": true, "qty": 2348}, {"price": 4714, "isBuy": true, "qty": 2348}, {"price": 4696, "isBuy": true, "qty": 99}, {"price": 4649, "isBuy": true, "qty": 98}, {"price": 4602, "isBuy": true, "qty": 97}, {"price": 4581, "isBuy": true, "qty": 99}, {"price": 4581, "isBuy": true, "qty": 99}, {"price": 4581, "isBuy": true, "qty": 99}, {"price": 4536, "isBuy": true, "qty": 99}, {"price": 4535, "isBuy": true, "qty": 98}, {"price": 4535, "isBuy": true, "qty": 98}, {"price": 4491, "isBuy": true, "qty": 99}, {"price": 4489, "isBuy": true, "qty": 97}, {"price": 4489, "isBuy": true, "qty": 97}, {"price": 4446, "isBuy": true, "qty": 99}], "symbol": "LKH", "venue": "BIZEX", "ts": "2016-04-13T05:56:56.164077261Z"}, {"ok": true, "asks": [{"price": 4806, "isBuy": false, "qty": 7544}, {"price": 4829, "isBuy": false, "qty": 7544}, {"price": 4852, "isBuy": false, "qty": 7544}, {"price": 4888, "isBuy": false, "qty": 100}, {"price": 4902, "isBuy": false, "qty": 99}, {"price": 4902, "isBuy": false, "qty": 99}, {"price": 4913, "isBuy": false, "qty": 98}, {"price": 4936, "isBuy": false, "qty": 99}, {"price": 4950, "isBuy": false, "qty": 98}, {"price": 4951, "isBuy": false, "qty": 99}, {"price": 4984, "isBuy": false, "qty": 98}, {"price": 4998, "isBuy": false, "qty": 97}, {"price": 5000, "isBuy": false, "qty": 99}, {"price": 5032, "isBuy": false, "qty": 97}], "bids": [{"price": 4760, "isBuy": true, "qty": 2348}, {"price": 4743, "isBuy": true, "qty": 100}, {"price": 4737, "isBuy": true, "qty": 2348}, {"price": 4714, "isBuy": true, "qty": 2348}, {"price": 4696, "isBuy": true, "qty": 99}, {"price": 4649, "isBuy": true, "qty": 98}, {"price": 4602, "isBuy": true, "qty": 97}, {"price": 4581, "isBuy": true, "qty": 99}, {"price": 4581, "isBuy": true, "qty": 99}, {"price": 4581, "isBuy": true, "qty": 99}, {"price": 4536, "isBuy": true, "qty": 99}, {"price": 4535, "isBuy": true, "qty": 98}, {"price": 4535, "isBuy": true, "qty": 98}, {"price": 4491, "isBuy": true, "qty": 99}, {"price": 4489, "isBuy": true, "qty": 97}, {"price": 4489, "isBuy": true, "qty": 97}, {"price": 4446, "isBuy": true, "qty": 99}], "symbol": "LKH", "venue": "BIZEX", "ts": "2016-04-13T05:56:56.325667027Z"}, {"ok": true, "asks": [{"price": 4806, "isBuy": false, "qty": 7544}, {"price": 4829, "isBuy": false, "qty": 7544}, {"price": 4852, "isBuy": false, "qty": 7544}, {"price": 4888, "isBuy": false, "qty": 100}, {"price": 4902, "isBuy": false, "qty": 99}, {"price": 4902, "isBuy": false, "qty": 99}, {"price": 4913, "isBuy": false, "qty": 98}, {"price": 4936, "isBuy": false, "qty": 99}, {"price": 4950, "isBuy": false, "qty": 98}, {"price": 4951, "isBuy": false, "qty": 99}, {"price": 4984, "isBuy": false, "qty": 98}, {"price": 4998, "isBuy": false, "qty": 97}, {"price": 5000, "isBuy": false, "qty": 99}, {"price": 5032, "isBuy": false, "qty": 97}], "bids": [{"price": 4760, "isBuy": true, "qty": 2348}, {"price": 4743, "isBuy": true, "qty": 100}, {"price": 4737, "isBuy": true, "qty": 2348}, {"price": 4714, "isBuy": true, "qty": 2348}, {"price": 4696, "isBuy": true, "qty": 99}, {"price": 4649, "isBuy": true, "qty": 98}, {"price": 4602, "isBuy": true, "qty": 97}, {"price": 4581, "isBuy": true, "qty": 99}, {"price": 4581, "isBuy": true, "qty": 99}, {"price": 4581, "isBuy": true, "qty": 99}, {"price": 4536, "isBuy": true, "qty": 99}, {"price": 4535, "isBuy": true, "qty": 98}, {"price": 4535, "isBuy": true, "qty": 98}, {"price": 4491, "isBuy": true, "qty": 99}, {"price": 4489, "isBuy": true, "qty": 97}, {"price": 4489, "isBuy": true, "qty": 97}, {"price": 4446, "isBuy": true, "qty": 99}], "symbol": "LKH", "venue": "BIZEX", "ts": "2016-04-13T05:56:56.493874216Z"}, {"ok": true, "asks": [{"price": 4806, "isBuy": false, "qty": 7544}, {"price": 4829, "isBuy": false, "qty": 7544}, {"price": 4852, "isBuy": false, "qty": 7544}, {"price": 4888, "isBuy": false, "qty": 100}, {"price": 4902, "isBuy": false, "qty": 99}, {"price": 4902, "isBuy": false, "qty": 99}, {"price": 4913, "isBuy": false, "qty": 98}, {"price": 4936, "isBuy": false, "qty": 99}, {"price": 4950, "isBuy": false, "qty": 98}, {"price": 4951, "isBuy": false, "qty": 99}, {"price": 4984, "isBuy": false, "qty": 98}, {"price": 4998, "isBuy": false, "qty": 97}, {"price": 5000, "isBuy": false, "qty": 99}, {"price": 5032, "isBuy": false, "qty": 97}], "bids": [{"price": 4760, "isBuy": true, "qty": 2348}, {"price": 4743, "isBuy": true, "qty": 100}, {"price": 4737, "isBuy": true, "qty": 2348}, {"price": 4714, "isBuy": true, "qty": 2348}, {"price": 4696, "isBuy": true, "qty": 99}, {"price": 4649, "isBuy": true, "qty": 98}, {"price": 4602, "isBuy": true, "qty": 97}, {"price": 4581, "isBuy": true, "qty": 99}, {"price": 4581, "isBuy": true, "qty": 99}, {"price": 4581, "isBuy": true, "qty": 99}, {"price": 4536, "isBuy": true, "qty": 99}, {"price": 4535, "isBuy": true, "qty": 98}, {"price": 4535, "isBuy": true, "qty": 98}, {"price": 4491, "isBuy": true, "qty": 99}, {"price": 4489, "isBuy": true, "qty": 97}, {"price": 4489, "isBuy": true, "qty": 97}, {"price": 4446, "isBuy": true, "qty": 99}], "symbol": "LKH", "venue": "BIZEX", "ts": "2016-04-13T05:56:56.660646454Z"}, {"ok": true, "asks": [{"price": 4806, "isBuy": false, "qty": 7544}, {"price": 4829, "isBuy": false, "qty": 7544}, {"price": 4852, "isBuy": false, "qty": 7544}, {"price": 4888, "isBuy": false, "qty": 100}, {"price": 4902, "isBuy": false, "qty": 99}, {"price": 4902, "isBuy": false, "qty": 99}, {"price": 4913, "isBuy": false, "qty": 98}, {"price": 4936, "isBuy": false, "qty": 99}, {"price": 4950, "isBuy": false, "qty": 98}, {"price": 4951, "isBuy": false, "qty": 99}, {"price": 4984, "isBuy": false, "qty": 98}, {"price": 4998, "isBuy": false, "qty": 97}, {"price": 5000, "isBuy": false, "qty": 99}, {"price": 5032, "isBuy": false, "qty": 97}], "bids": [{"price": 4760, "isBuy": true, "qty": 2348}, {"price": 4743, "isBuy": true, "qty": 100}, {"price": 4737, "isBuy": true, "qty": 2348}, {"price": 4714, "isBuy": true, "qty": 2348}, {"price": 4696, "isBuy": true, "qty": 99}, {"price": 4649, "isBuy": true, "qty": 98}, {"price": 4602, "isBuy": true, "qty": 97}, {"price": 4581, "isBuy": true, "qty": 99}, {"price": 4581, "isBuy": true, "qty": 99}, {"price": 4581, "isBuy": true, "qty": 99}, {"price": 4536, "isBuy": true, "qty": 99}, {"price": 4535, "isBuy": true, "qty": 98}, {"price": 4535, "isBuy": true, "qty": 98}, {"price": 4491, "isBuy": true, "qty": 99}, {"price": 4489, "isBuy": true, "qty": 97}, {"price": 4489, "isBuy": true, "qty": 97}, {"price": 4446, "isBuy": true, "qty": 99}], "symbol": "LKH", "venue": "BIZEX", "ts": "2016-04-13T05:56:56.823499901Z"}, {"ok": true, "asks": [{"price": 4806, "isBuy": false, "qty": 7544}, {"price": 4829, "isBuy": false, "qty": 7544}, {"price": 4829, "isBuy": false, "qty": 100}, {"price": 4852, "isBuy": false, "qty": 7544}, {"price": 4888, "isBuy": false, "qty": 100}, {"price": 4902, "isBuy": false, "qty": 99}, {"price": 4902, "isBuy": false, "qty": 99}, {"price": 4913, "isBuy": false, "qty": 98}, {"price": 4936, "isBuy": false, "qty": 99}, {"price": 4950, "isBuy": false, "qty": 98}, {"price": 4951, "isBuy": false, "qty": 99}, {"price": 4984, "isBuy": false, "qty": 98}, {"price": 4998, "isBuy": false, "qty": 97}, {"price": 5000, "isBuy": false, "qty": 99}, {"price": 5032, "isBuy": false, "qty": 97}], "bids": [{"price": 4760, "isBuy": true, "qty": 2348}, {"price": 4743, "isBuy": true, "qty": 100}, {"price": 4737, "isBuy": true, "qty": 2348}, {"price": 4714, "isBuy": true, "qty": 2348}, {"price": 4696, "isBuy": true, "qty": 99}, {"price": 4649, "isBuy": true, "qty": 98}, {"price": 4602, "isBuy": true, "qty": 97}, {"price": 4581, "isBuy": true, "qty": 99}, {"price": 4581, "isBuy": true, "qty": 99}, {"price": 4581, "isBuy": true, "qty": 99}, {"price": 4536, "isBuy": true, "qty": 99}, {"price": 4535, "isBuy": true, "qty": 98}, {"price": 4535, "isBuy": true, "qty": 98}, {"price": 4491, "isBuy": true, "qty": 99}, {"price": 4489, "isBuy": true, "qty": 97}, {"price": 4489, "isBuy": true, "qty": 97}, {"price": 4446, "isBuy": true, "qty": 99}], "symbol": "LKH", "venue": "BIZEX", "ts": "2016-04-13T05:56:56.983019686Z"}, {"ok": true, "asks": [{"price": 4806, "isBuy": false, "qty": 7544}, {"price": 4829, "isBuy": false, "qty": 7544}, {"price": 4829, "isBuy": false, "qty": 100}, {"price": 4852, "isBuy": false, "qty": 7544}, {"price": 4877, "isBuy": false, "qty": 99}, {"price": 4888, "isBuy": false, "qty": 100}, {"price": 4902, "isBuy": false, "qty": 99}, {"price": 4902, "isBuy": false, "qty": 99}, {"price": 4913, "isBuy": false, "qty": 98}, {"price": 4936, "isBuy": false, "qty": 99}, {"price": 4950, "isBuy": false, "qty": 98}, {"price": 4951, "isBuy": false, "qty": 99}, {"price": 4984, "isBuy": false, "qty": 98}, {"price": 4998, "isBuy": false, "qty": 97}, {"price": 5000, "isBuy": false, "qty": 99}, {"price": 5032, "isBuy": false, "qty": 97}], "bids": [{"price": 4760, "isBuy": true, "qty": 2348}, {"price": 4743, "isBuy": true, "qty": 100}, {"price": 4737, "isBuy": true, "qty": 2348}, {"price": 4714, "isBuy": true, "qty": 2348}, {"price": 4696, "isBuy": true, "qty": 99}, {"price": 4649, "isBuy": true, "qty": 98}, {"price": 4602, "isBuy": true, "qty": 97}, {"price": 4581, "isBuy": true, "qty": 99}, {"price": 4581, "isBuy": true, "qty": 99}, {"price": 4581, "isBuy": true, "qty": 99}, {"price": 4536, "isBuy": true, "qty": 99}, {"price": 4535, "isBuy": true, "qty": 98}, {"price": 4535, "isBuy": true, "qty": 98}, {"price": 4491, "isBuy": true, "qty": 99}, {"price": 4489, "isBuy": true, "qty": 97}, {"price": 4489, "isBuy": true, "qty": 97}, {"price": 4446, "isBuy": true, "qty": 99}], "symbol": "LKH", "venue": "BIZEX", "ts": "2016-04-13T05:56:57.146651544Z"}, {"ok": true, "asks": [{"price": 4806, "isBuy": false, "qty": 7544}, {"price": 4829, "isBuy": false, "qty": 7544}, {"price": 4829, "isBuy": false, "qty": 100}, {"price": 4852, "isBuy": false, "qty": 7544}, {"price": 4877, "isBuy": false, "qty": 99}, {"price": 4888, "isBuy": false, "qty": 100}, {"price": 4902, "isBuy": false, "qty": 99}, {"price": 4902, "isBuy": false, "qty": 99}, {"price": 4913, "isBuy": false, "qty": 98}, {"price": 4925, "isBuy": false, "qty": 98}, {"price": 4936, "isBuy": false, "qty": 99}, {"price": 4950, "isBuy": false, "qty": 98}, {"price": 4951, "isBuy": false, "qty": 99}, {"price": 4984, "isBuy": false, "qty": 98}, {"price": 4998, "isBuy": false, "qty": 97}, {"price": 5000, "isBuy": false, "qty": 99}, {"price": 5032, "isBuy": false, "qty": 97}], "bids": [{"price": 4760, "isBuy": true, "qty": 2348}, {"price": 4743, "isBuy": true, "qty": 100}, {"price": 4737, "isBuy": true, "qty": 2348}, {"price": 4714, "isBuy": true, "qty": 2348}, {"price": 4696, "isBuy": true, "qty": 99}, {"price": 4649, "isBuy": true, "qty": 98}, {"price": 4602, "isBuy": true, "qty": 97}, {"price": 4581, "isBuy": true, "qty": 99}, {"price": 4581, "isBuy": true, "qty": 99}, {"price": 4581, "isBuy": true, "qty": 99}, {"price": 4536, "isBuy": true, "qty": 99}, {"price": 4535, "isBuy": true, "qty": 98}, {"price": 4535, "isBuy": true, "qty": 98}, {"price": 4491, "isBuy": true, "qty": 99}, {"price": 4489, "isBuy": true, "qty": 97}, {"price": 4489, "isBuy": true, "qty": 97}, {"price": 4446, "isBuy": true, "qty": 99}], "symbol": "LKH", "venue": "BIZEX", "ts": "2016-04-13T05:56:57.310468011Z"}, {"ok": true, "asks": [{"price": 4806, "isBuy": false, "qty": 7544}, {"price": 4829, "isBuy": false, "qty": 7544}, {"price": 4829, "isBuy": false, "qty": 100}, {"price": 4852, "isBuy": false, "qty": 7544}, {"price": 4877, "isBuy": false, "qty": 99}, {"price": 4888, "isBuy": false, "qty": 100}, {"price": 4902, "isBuy": false, "qty": 99}, {"price": 4902, "isBuy": false, "qty": 99}, {"price": 4913, "isBuy": false, "qty": 98}, {"price": 4925, "isBuy": false, "qty": 98}, {"price": 4936, "isBuy": false, "qty": 99}, {"price": 4950, "isBuy": false, "qty": 98}, {"price": 4951, "isBuy": false, "qty": 99}, {"price": 4984, "isBuy": false, "qty": 98}, {"price": 4998, "isBuy": false, "qty": 97}, {"price": 5000, "isBuy": false, "qty": 99}, {"price": 5032, "isBuy": false, "qty": 97}], "bids": [{"price": 4760, "isBuy": true, "qty": 2348}, {"price": 4743, "isBuy": true, "qty": 100}, {"price": 4737, "isBuy": true, "qty": 2348}, {"price": 4714, "isBuy": true, "qty": 2348}, {"price": 4696, "isBuy": true, "qty": 99}, {"price": 4649, "isBuy": true, "qty": 98}, {"price": 4602, "isBuy": true, "qty": 97}, {"price": 4581, "isBuy": true, "qty": 99}, {"price": 4581, "isBuy": true, "qty": 99}, {"price": 4581, "isBuy": true, "qty": 99}, {"price": 4536, "isBuy": true, "qty": 99}, {"price": 4535, "isBuy": true, "qty": 98}, {"price": 4535, "isBuy": true, "qty": 98}, {"price": 4491, "isBuy": true, "qty": 99}, {"price": 4489, "isBuy": true, "qty": 97}, {"price": 4489, "isBuy": true, "qty": 97}, {"price": 4446, "isBuy": true, "qty": 99}], "symbol": "LKH", "venue": "BIZEX", "ts": "2016-04-13T05:56:57.495586108Z"}, {"ok": true, "asks": [{"price": 4806, "isBuy": false, "qty": 7544}, {"price": 4829, "isBuy": false, "qty": 7544}, {"price": 4829, "isBuy": false, "qty": 100}, {"price": 4852, "isBuy": false, "qty": 7544}, {"price": 4877, "isBuy": false, "qty": 99}, {"price": 4888, "isBuy": false, "qty": 100}, {"price": 4902, "isBuy": false, "qty": 99}, {"price": 4902, "isBuy": false, "qty": 99}, {"price": 4913, "isBuy": false, "qty": 98}, {"price": 4925, "isBuy": false, "qty": 98}, {"price": 4936, "isBuy": false, "qty": 99}, {"price": 4950, "isBuy": false, "qty": 98}, {"price": 4951, "isBuy": false, "qty": 99}, {"price": 4984, "isBuy": false, "qty": 98}, {"price": 4998, "isBuy": false, "qty": 97}, {"price": 5000, "isBuy": false, "qty": 99}, {"price": 5032, "isBuy": false, "qty": 97}], "bids": [{"price": 4760, "isBuy": true, "qty": 2348}, {"price": 4743, "isBuy": true, "qty": 100}, {"price": 4737, "isBuy": true, "qty": 2348}, {"price": 4714, "isBuy": true, "qty": 2348}, {"price": 4696, "isBuy": true, "qty": 99}, {"price": 4649, "isBuy": true, "qty": 98}, {"price": 4602, "isBuy": true, "qty": 97}, {"price": 4581, "isBuy": true, "qty": 99}, {"price": 4581, "isBuy": true, "qty": 99}, {"price": 4581, "isBuy": true, "qty": 99}, {"price": 4536, "isBuy": true, "qty": 99}, {"price": 4535, "isBuy": true, "qty": 98}, {"price": 4535, "isBuy": true, "qty": 98}, {"price": 4491, "isBuy": true, "qty": 99}, {"price": 4489, "isBuy": true, "qty": 97}, {"price": 4489, "isBuy": true, "qty": 97}, {"price": 4446, "isBuy": true, "qty": 99}], "symbol": "LKH", "venue": "BIZEX", "ts": "2016-04-13T05:56:57.59592459Z"}, {"ok": true, "asks": [{"price": 4806, "isBuy": false, "qty": 7544}, {"price": 4829, "isBuy": false, "qty": 7544}, {"price": 4829, "isBuy": false, "qty": 100}, {"price": 4852, "isBuy": false, "qty": 7544}, {"price": 4877, "isBuy": false, "qty": 99}, {"price": 4888, "isBuy": false, "qty": 100}, {"price": 4902, "isBuy": false, "qty": 99}, {"price": 4902, "isBuy": false, "qty": 99}, {"price": 4913, "isBuy": false, "qty": 98}, {"price": 4925, "isBuy": false, "qty": 98}, {"price": 4936, "isBuy": false, "qty": 99}, {"price": 4950, "isBuy": false, "qty": 98}, {"price": 4951, "isBuy": false, "qty": 99}, {"price": 4984, "isBuy": false, "qty": 98}, {"price": 4998, "isBuy": false, "qty": 97}, {"price": 5000, "isBuy": false, "qty": 99}, {"price": 5032, "isBuy": false, "qty": 97}], "bids": [{"price": 4760, "isBuy": true, "qty": 2348}, {"price": 4743, "isBuy": true, "qty": 100}, {"price": 4737, "isBuy": true, "qty": 2348}, {"price": 4714, "isBuy": true, "qty": 2348}, {"price": 4696, "isBuy": true, "qty": 99}, {"price": 4649, "isBuy": true, "qty": 98}, {"price": 4602, "isBuy": true, "qty": 97}, {"price": 4581, "isBuy": true, "qty": 99}, {"price": 4581, "isBuy": true, "qty": 99}, {"price": 4581, "isBuy": true, "qty": 99}, {"price": 4536, "isBuy": true, "qty": 99}, {"price": 4535, "isBuy": true, "qty": 98}, {"price": 4535, "isBuy": true, "qty": 98}, {"price": 4491, "isBuy": true, "qty": 99}, {"price": 4489, "isBuy": true, "qty": 97}, {"price": 4489, "isBuy": true, "qty": 97}, {"price": 4446, "isBuy": true, "qty": 99}], "symbol": "LKH", "venue": "BIZEX", "ts": "2016-04-13T05:56:57.669847585Z"}, {"ok": true, "asks": [{"price": 4925, "isBuy": false, "qty": 53}, {"price": 4936, "isBuy": false, "qty": 99}, {"price": 4938, "isBuy": false, "qty": 7690}, {"price": 4950, "isBuy": false, "qty": 98}, {"price": 4951, "isBuy": false, "qty": 99}, {"price": 4962, "isBuy": false, "qty": 7690}, {"price": 4984, "isBuy": false, "qty": 98}, {"price": 4986, "isBuy": false, "qty": 7690}, {"price": 4998, "isBuy": false, "qty": 97}, {"price": 5000, "isBuy": false, "qty": 99}, {"price": 5032, "isBuy": false, "qty": 97}], "bids": [{"price": 4914, "isBuy": true, "qty": 442}, {"price": 4860, "isBuy": true, "qty": 4}, {"price": 4782, "isBuy": true, "qty": 1591}, {"price": 4758, "isBuy": true, "qty": 2309}, {"price": 4743, "isBuy": true, "qty": 100}, {"price": 4734, "isBuy": true, "qty": 2309}, {"price": 4696, "isBuy": true, "qty": 99}, {"price": 4649, "isBuy": true, "qty": 98}, {"price": 4602, "isBuy": true, "qty": 97}, {"price": 4581, "isBuy": true, "qty": 99}, {"price": 4581, "isBuy": true, "qty": 99}, {"price": 4581, "isBuy": true, "qty": 99}, {"price": 4536, "isBuy": true, "qty": 99}, {"price": 4535, "isBuy": true, "qty": 98}, {"price": 4535, "isBuy": true, "qty": 98}, {"price": 4491, "isBuy": true, "qty": 99}, {"price": 4489, "isBuy": true, "qty": 97}, {"price": 4489, "isBuy": true, "qty": 97}, {"price": 4446, "isBuy": true, "qty": 99}], "symbol": "LKH", "venue": "BIZEX", "ts": "2016-04-13T05:56:57.847995394Z"}, {"ok": true, "asks": [{"price": 4925, "isBuy": false, "qty": 53}, {"price": 4936, "isBuy": false, "qty": 99}, {"price": 4938, "isBuy": false, "qty": 7709}, {"price": 4950, "isBuy": false, "qty": 98}, {"price": 4951, "isBuy": false, "qty": 99}, {"price": 4962, "isBuy": false, "qty": 7709}, {"price": 4984, "isBuy": false, "qty": 98}, {"price": 4986, "isBuy": false, "qty": 7709}, {"price": 4998, "isBuy": false, "qty": 97}, {"price": 5000, "isBuy": false, "qty": 99}, {"price": 5032, "isBuy": false, "qty": 97}], "bids": [{"price": 4743, "isBuy": true, "qty": 100}, {"price": 4696, "isBuy": true, "qty": 99}, {"price": 4649, "isBuy": true, "qty": 98}, {"price": 4602, "isBuy": true, "qty": 97}, {"price": 4581, "isBuy": true, "qty": 99}, {"price": 4581, "isBuy": true, "qty": 99}, {"price": 4581, "isBuy": true, "qty": 99}, {"price": 4536, "isBuy": true, "qty": 99}, {"price": 4535, "isBuy": true, "qty": 98}, {"price": 4535, "isBuy": true, "qty": 98}, {"price": 4491, "isBuy": true, "qty": 99}, {"price": 4489, "isBuy": true, "qty": 97}, {"price": 4489, "isBuy": true, "qty": 97}, {"price": 4446, "isBuy": true, "qty": 99}], "symbol": "LKH", "venue": "BIZEX", "ts": "2016-04-13T05:56:58.046252252Z"}, {"ok": true, "asks": [{"price": 4925, "isBuy": false, "qty": 53}, {"price": 4936, "isBuy": false, "qty": 99}, {"price": 4938, "isBuy": false, "qty": 7709}, {"price": 4950, "isBuy": false, "qty": 98}, {"price": 4951, "isBuy": false, "qty": 99}, {"price": 4962, "isBuy": false, "qty": 7709}, {"price": 4984, "isBuy": false, "qty": 98}, {"price": 4986, "isBuy": false, "qty": 7709}, {"price": 4998, "isBuy": false, "qty": 97}, {"price": 5000, "isBuy": false, "qty": 99}, {"price": 5032, "isBuy": false, "qty": 97}], "bids": [{"price": 4743, "isBuy": true, "qty": 100}, {"price": 4696, "isBuy": true, "qty": 99}, {"price": 4649, "isBuy": true, "qty": 98}, {"price": 4602, "isBuy": true, "qty": 97}, {"price": 4581, "isBuy": true, "qty": 99}, {"price": 4581, "isBuy": true, "qty": 99}, {"price": 4581, "isBuy": true, "qty": 99}, {"price": 4536, "isBuy": true, "qty": 99}, {"price": 4535, "isBuy": true, "qty": 98}, {"price": 4535, "isBuy": true, "qty": 98}, {"price": 4491, "isBuy": true, "qty": 99}, {"price": 4489, "isBuy": true, "qty": 97}, {"price": 4489, "isBuy": true, "qty": 97}, {"price": 4446, "isBuy": true, "qty": 99}], "symbol": "LKH", "venue": "BIZEX", "ts": "2016-04-13T05:56:58.236400494Z"}, {"ok": true, "asks": [{"price": 4925, "isBuy": false, "qty": 53}, {"price": 4936, "isBuy": false, "qty": 99}, {"price": 4938, "isBuy": false, "qty": 7709}, {"price": 4950, "isBuy": false, "qty": 98}, {"price": 4951, "isBuy": false, "qty": 99}, {"price": 4962, "isBuy": false, "qty": 7709}, {"price": 4984, "isBuy": false, "qty": 98}, {"price": 4986, "isBuy": false, "qty": 7709}, {"price": 4998, "isBuy": false, "qty": 97}, {"price": 5000, "isBuy": false, "qty": 99}, {"price": 5032, "isBuy": false, "qty": 97}], "bids": [{"price": 4743, "isBuy": true, "qty": 100}, {"price": 4696, "isBuy": true, "qty": 99}, {"price": 4649, "isBuy": true, "qty": 98}, {"price": 4602, "isBuy": true, "qty": 97}, {"price": 4581, "isBuy": true, "qty": 99}, {"price": 4581, "isBuy": true, "qty": 99}, {"price": 4581, "isBuy": true, "qty": 99}, {"price": 4536, "isBuy": true, "qty": 99}, {"price": 4535, "isBuy": true, "qty": 98}, {"price": 4535, "isBuy": true, "qty": 98}, {"price": 4491, "isBuy": true, "qty": 99}, {"price": 4489, "isBuy": true, "qty": 97}, {"price": 4489, "isBuy": true, "qty": 97}, {"price": 4446, "isBuy": true, "qty": 99}], "symbol": "LKH", "venue": "BIZEX", "ts": "2016-04-13T05:56:58.401619291Z"}, {"ok": true, "asks": [{"price": 4925, "isBuy": false, "qty": 53}, {"price": 4936, "isBuy": false, "qty": 99}, {"price": 4938, "isBuy": false, "qty": 7709}, {"price": 4950, "isBuy": false, "qty": 98}, {"price": 4951, "isBuy": false, "qty": 99}, {"price": 4962, "isBuy": false, "qty": 7709}, {"price": 4984, "isBuy": false, "qty": 98}, {"price": 4986, "isBuy": false, "qty": 7709}, {"price": 4998, "isBuy": false, "qty": 97}, {"price": 5000, "isBuy": false, "qty": 99}, {"price": 5032, "isBuy": false, "qty": 97}], "bids": [{"price": 4743, "isBuy": true, "qty": 100}, {"price": 4696, "isBuy": true, "qty": 99}, {"price": 4649, "isBuy": true, "qty": 98}, {"price": 4602, "isBuy": true, "qty": 97}, {"price": 4581, "isBuy": true, "qty": 99}, {"price": 4581, "isBuy": true, "qty": 99}, {"price": 4581, "isBuy": true, "qty": 99}, {"price": 4536, "isBuy": true, "qty": 99}, {"price": 4535, "isBuy": true, "qty": 98}, {"price": 4535, "isBuy": true, "qty": 98}, {"price": 4491, "isBuy": true, "qty": 99}, {"price": 4489, "isBuy": true, "qty": 97}, {"price": 4489, "isBuy": true, "qty": 97}, {"price": 4446, "isBuy": true, "qty": 99}], "symbol": "LKH", "venue": "BIZEX", "ts": "2016-04-13T05:56:58.566441038Z"}, {"ok": true, "asks": [{"price": 4925, "isBuy": false, "qty": 53}, {"price": 4936, "isBuy": false, "qty": 99}, {"price": 4938, "isBuy": false, "qty": 7709}, {"price": 4950, "isBuy": false, "qty": 98}, {"price": 4951, "isBuy": false, "qty": 99}, {"price": 4962, "isBuy": false, "qty": 7709}, {"price": 4984, "isBuy": false, "qty": 98}, {"price": 4986, "isBuy": false, "qty": 7709}, {"price": 4998, "isBuy": false, "qty": 97}, {"price": 5000, "isBuy": false, "qty": 99}, {"price": 5032, "isBuy": false, "qty": 97}], "bids": [{"price": 4743, "isBuy": true, "qty": 100}, {"price": 4696, "isBuy": true, "qty": 99}, {"price": 4649, "isBuy": true, "qty": 98}, {"price": 4602, "isBuy": true, "qty": 97}, {"price": 4581, "isBuy": true, "qty": 99}, {"price": 4581, "isBuy": true, "qty": 99}, {"price": 4581, "isBuy": true, "qty": 99}, {"price": 4536, "isBuy": true, "qty": 99}, {"price": 4535, "isBuy": true, "qty": 98}, {"price": 4535, "isBuy": true, "qty": 98}, {"price": 4491, "isBuy": true, "qty": 99}, {"price": 4489, "isBuy": true, "qty": 97}, {"price": 4489, "isBuy": true, "qty": 97}, {"price": 4446, "isBuy": true, "qty": 99}], "symbol": "LKH", "venue": "BIZEX", "ts": "2016-04-13T05:56:58.735489428Z"}, {"ok": true, "asks": [{"price": 4925, "isBuy": false, "qty": 53}, {"price": 4936, "isBuy": false, "qty": 99}, {"price": 4938, "isBuy": false, "qty": 7709}, {"price": 4950, "isBuy": false, "qty": 98}, {"price": 4951, "isBuy": false, "qty": 99}, {"price": 4962, "isBuy": false, "qty": 7709}, {"price": 4984, "isBuy": false, "qty": 98}, {"price": 4986, "isBuy": false, "qty": 7709}, {"price": 4998, "isBuy": false, "qty": 97}, {"price": 5000, "isBuy": false, "qty": 99}, {"price": 5032, "isBuy": false, "qty": 97}], "bids": [{"price": 4743, "isBuy": true, "qty": 100}, {"price": 4696, "isBuy": true, "qty": 99}, {"price": 4649, "isBuy": true, "qty": 98}, {"price": 4602, "isBuy": true, "qty": 97}, {"price": 4581, "isBuy": true, "qty": 99}, {"price": 4581, "isBuy": true, "qty": 99}, {"price": 4581, "isBuy": true, "qty": 99}, {"price": 4536, "isBuy": true, "qty": 99}, {"price": 4535, "isBuy": true, "qty": 98}, {"price": 4535, "isBuy": true, "qty": 98}, {"price": 4491, "isBuy": true, "qty": 99}, {"price": 4489, "isBuy": true, "qty": 97}, {"price": 4489, "isBuy": true, "qty": 97}, {"price": 4446, "isBuy": true, "qty": 99}], "symbol": "LKH", "venue": "BIZEX", "ts": "2016-04-13T05:56:58.908502262Z"}, {"ok": true, "asks": [{"price": 4925, "isBuy": false, "qty": 53}, {"price": 4936, "isBuy": false, "qty": 99}, {"price": 4938, "isBuy": false, "qty": 7709}, {"price": 4950, "isBuy": false, "qty": 98}, {"price": 4951, "isBuy": false, "qty": 99}, {"price": 4962, "isBuy": false, "qty": 7709}, {"price": 4984, "isBuy": false, "qty": 98}, {"price": 4986, "isBuy": false, "qty": 7709}, {"price": 4998, "isBuy": false, "qty": 97}, {"price": 5000, "isBuy": false, "qty": 99}, {"price": 5032, "isBuy": false, "qty": 97}], "bids": [{"price": 4743, "isBuy": true, "qty": 100}, {"price": 4696, "isBuy": true, "qty": 99}, {"price": 4649, "isBuy": true, "qty": 98}, {"price": 4602, "isBuy": true, "qty": 97}, {"price": 4581, "isBuy": true, "qty": 99}, {"price": 4581, "isBuy": true, "qty": 99}, {"price": 4581, "isBuy": true, "qty": 99}, {"price": 4536, "isBuy": true, "qty": 99}, {"price": 4535, "isBuy": true, "qty": 98}, {"price": 4535, "isBuy": true, "qty": 98}, {"price": 4491, "isBuy": true, "qty": 99}, {"price": 4489, "isBuy": true, "qty": 97}, {"price": 4489, "isBuy": true, "qty": 97}, {"price": 4446, "isBuy": true, "qty": 99}], "symbol": "LKH", "venue": "BIZEX", "ts": "2016-04-13T05:56:59.075245583Z"}, {"ok": true, "asks": [{"price": 4925, "isBuy": false, "qty": 53}, {"price": 4936, "isBuy": false, "qty": 99}, {"price": 4938, "isBuy": false, "qty": 7709}, {"price": 4950, "isBuy": false, "qty": 98}, {"price": 4951, "isBuy": false, "qty": 99}, {"price": 4962, "isBuy": false, "qty": 7709}, {"price": 4984, "isBuy": false, "qty": 98}, {"price": 4986, "isBuy": false, "qty": 7709}, {"price": 4998, "isBuy": false, "qty": 97}, {"price": 5000, "isBuy": false, "qty": 99}, {"price": 5032, "isBuy": false, "qty": 97}], "bids": [{"price": 4743, "isBuy": true, "qty": 100}, {"price": 4743, "isBuy": true, "qty": 100}, {"price": 4696, "isBuy": true, "qty": 99}, {"price": 4696, "isBuy": true, "qty": 99}, {"price": 4649, "isBuy": true, "qty": 98}, {"price": 4649, "isBuy": true, "qty": 98}, {"price": 4602, "isBuy": true, "qty": 97}, {"price": 4602, "isBuy": true, "qty": 97}, {"price": 4581, "isBuy": true, "qty": 99}, {"price": 4581, "isBuy": true, "qty": 99}, {"price": 4581, "isBuy": true, "qty": 99}, {"price": 4536, "isBuy": true, "qty": 99}, {"price": 4535, "isBuy": true, "qty": 98}, {"price": 4535, "isBuy": true, "qty": 98}, {"price": 4491, "isBuy": true, "qty": 99}, {"price": 4489, "isBuy": true, "qty": 97}, {"price": 4489, "isBuy": true, "qty": 97}, {"price": 4446, "isBuy": true, "qty": 99}], "symbol": "LKH", "venue": "BIZEX", "ts": "2016-04-13T05:57:01.166101834Z"}, {"ok": true, "asks": [{"price": 4925, "isBuy": false, "qty": 53}, {"price": 4936, "isBuy": false, "qty": 99}, {"price": 4938, "isBuy": false, "qty": 7709}, {"price": 4950, "isBuy": false, "qty": 98}, {"price": 4951, "isBuy": false, "qty": 99}, {"price": 4962, "isBuy": false, "qty": 7709}, {"price": 4984, "isBuy": false, "qty": 98}, {"price": 4986, "isBuy": false, "qty": 7709}, {"price": 4998, "isBuy": false, "qty": 97}, {"price": 5000, "isBuy": false, "qty": 99}, {"price": 5032, "isBuy": false, "qty": 97}], "bids": [{"price": 4743, "isBuy": true, "qty": 100}, {"price": 4743, "isBuy": true, "qty": 100}, {"price": 4696, "isBuy": true, "qty": 99}, {"price": 4696, "isBuy": true, "qty": 99}, {"price": 4649, "isBuy": true, "qty": 98}, {"price": 4649, "isBuy": true, "qty": 98}, {"price": 4602, "isBuy": true, "qty": 97}, {"price": 4602, "isBuy": true, "qty": 97}, {"price": 4581, "isBuy": true, "qty": 99}, {"price": 4581, "isBuy": true, "qty": 99}, {"price": 4581, "isBuy": true, "qty": 99}, {"price": 4536, "isBuy": true, "qty": 99}, {"price": 4535, "isBuy": true, "qty": 98}, {"price": 4535, "isBuy": true, "qty": 98}, {"price": 4491, "isBuy": true, "qty": 99}, {"price": 4489, "isBuy": true, "qty": 97}, {"price": 4489, "isBuy": true, "qty": 97}, {"price": 4446, "isBuy": true, "qty": 99}], "symbol": "LKH", "venue": "BIZEX", "ts": "2016-04-13T05:57:02.449406768Z"}, {"ok": true, "asks": [{"price": 4925, "isBuy": false, "qty": 53}, {"price": 4936, "isBuy": false, "qty": 99}, {"price": 4938, "isBuy": false, "qty": 7709}, {"price": 4950, "isBuy": false, "qty": 98}, {"price": 4951, "isBuy": false, "qty": 99}, {"price": 4962, "isBuy": false, "qty": 7709}, {"price": 4984, "isBuy": false, "qty": 98}, {"price": 4986, "isBuy": false, "qty": 7709}, {"price": 4998, "isBuy": false, "qty": 97}, {"price": 5000, "isBuy": false, "qty": 99}, {"price": 5032, "isBuy": false, "qty": 97}], "bids": [{"price": 4743, "isBuy": true, "qty": 100}, {"price": 4743, "isBuy": true, "qty": 100}, {"price": 4696, "isBuy": true, "qty": 99}, {"price": 4696, "isBuy": true, "qty": 99}, {"price": 4649, "isBuy": true, "qty": 98}, {"price": 4649, "isBuy": true, "qty": 98}, {"price": 4602, "isBuy": true, "qty": 97}, {"price": 4602, "isBuy": true, "qty": 97}, {"price": 4581, "isBuy": true, "qty": 99}, {"price": 4581, "isBuy": true, "qty": 99}, {"price": 4581, "isBuy": true, "qty": 99}, {"price": 4536, "isBuy": true, "qty": 99}, {"price": 4535, "isBuy": true, "qty": 98}, {"price": 4535, "isBuy": true, "qty": 98}, {"price": 4491, "isBuy": true, "qty": 99}, {"price": 4489, "isBuy": true, "qty": 97}, {"price": 4489, "isBuy": true, "qty": 97}, {"price": 4446, "isBuy": true, "qty": 99}], "symbol": "LKH", "venue": "BIZEX", "ts": "2016-04-13T05:57:02.611060224Z"}, {"ok": true, "asks": [{"price": 4865, "isBuy": false, "qty": 106}, {"price": 4925, "isBuy": false, "qty": 53}, {"price": 4936, "isBuy": false, "qty": 99}, {"price": 4950, "isBuy": false, "qty": 98}, {"price": 4951, "isBuy": false, "qty": 99}, {"price": 4984, "isBuy": false, "qty": 98}, {"price": 4998, "isBuy": false, "qty": 97}, {"price": 5000, "isBuy": false, "qty": 99}, {"price": 5032, "isBuy": false, "qty": 97}], "bids": [{"price": 4696, "isBuy": true, "qty": 38}, {"price": 4649, "isBuy": true, "qty": 98}, {"price": 4649, "isBuy": true, "qty": 98}, {"price": 4602, "isBuy": true, "qty": 97}, {"price": 4602, "isBuy": true, "qty": 97}, {"price": 4581, "isBuy": true, "qty": 99}, {"price": 4581, "isBuy": true, "qty": 99}, {"price": 4581, "isBuy": true, "qty": 99}, {"price": 4536, "isBuy": true, "qty": 99}, {"price": 4535, "isBuy": true, "qty": 98}, {"price": 4535, "isBuy": true, "qty": 98}, {"price": 4491, "isBuy": true, "qty": 99}, {"price": 4489, "isBuy": true, "qty": 97}, {"price": 4489, "isBuy": true, "qty": 97}, {"price": 4446, "isBuy": true, "qty": 99}], "symbol": "LKH", "venue": "BIZEX", "ts": "2016-04-13T05:57:02.781007112Z"}, {"ok": true, "asks": [{"price": 4768, "isBuy": false, "qty": 105}, {"price": 4819, "isBuy": false, "qty": 7855}, {"price": 4842, "isBuy": false, "qty": 7855}, {"price": 4865, "isBuy": false, "qty": 7855}, {"price": 4925, "isBuy": false, "qty": 53}, {"price": 4936, "isBuy": false, "qty": 99}, {"price": 4950, "isBuy": false, "qty": 98}, {"price": 4951, "isBuy": false, "qty": 99}, {"price": 4984, "isBuy": false, "qty": 98}, {"price": 4998, "isBuy": false, "qty": 97}, {"price": 5000, "isBuy": false, "qty": 99}, {"price": 5032, "isBuy": false, "qty": 97}], "bids": [{"price": 4745, "isBuy": true, "qty": 2144}, {"price": 4722, "isBuy": true, "qty": 2144}, {"price": 4699, "isBuy": true, "qty": 2144}, {"price": 4696, "isBuy": true, "qty": 38}, {"price": 4649, "isBuy": true, "qty": 98}, {"price": 4649, "isBuy": true, "qty": 98}, {"price": 4602, "isBuy": true, "qty": 97}, {"price": 4602, "isBuy": true, "qty": 97}, {"price": 4581, "isBuy": true, "qty": 99}, {"price": 4581, "isBuy": true, "qty": 99}, {"price": 4581, "isBuy": true, "qty": 99}, {"price": 4536, "isBuy": true, "qty": 99}, {"price": 4535, "isBuy": true, "qty": 98}, {"price": 4535, "isBuy": true, "qty": 98}, {"price": 4491, "isBuy": true, "qty": 99}, {"price": 4489, "isBuy": true, "qty": 97}, {"price": 4489, "isBuy": true, "qty": 97}, {"price": 4446, "isBuy": true, "qty": 99}], "symbol": "LKH", "venue": "BIZEX", "ts": "2016-04-13T05:57:03.115248561Z"}, {"ok": true, "asks": [{"price": 4768, "isBuy": false, "qty": 105}, {"price": 4819, "isBuy": false, "qty": 7855}, {"price": 4842, "isBuy": false, "qty": 7855}, {"price": 4865, "isBuy": false, "qty": 7855}, {"price": 4925, "isBuy": false, "qty": 53}, {"price": 4936, "isBuy": false, "qty": 99}, {"price": 4950, "isBuy": false, "qty": 98}, {"price": 4951, "isBuy": false, "qty": 99}, {"price": 4984, "isBuy": false, "qty": 98}, {"price": 4998, "isBuy": false, "qty": 97}, {"price": 5000, "isBuy": false, "qty": 99}, {"price": 5032, "isBuy": false, "qty": 97}], "bids": [{"price": 4745, "isBuy": true, "qty": 2144}, {"price": 4722, "isBuy": true, "qty": 2144}, {"price": 4699, "isBuy": true, "qty": 2144}, {"price": 4696, "isBuy": true, "qty": 38}, {"price": 4649, "isBuy": true, "qty": 98}, {"price": 4649, "isBuy": true, "qty": 98}, {"price": 4602, "isBuy": true, "qty": 97}, {"price": 4602, "isBuy": true, "qty": 97}, {"price": 4581, "isBuy": true, "qty": 99}, {"price": 4581, "isBuy": true, "qty": 99}, {"price": 4581, "isBuy": true, "qty": 99}, {"price": 4536, "isBuy": true, "qty": 99}, {"price": 4535, "isBuy": true, "qty": 98}, {"price": 4535, "isBuy": true, "qty": 98}, {"price": 4491, "isBuy": true, "qty": 99}, {"price": 4489, "isBuy": true, "qty": 97}, {"price": 4489, "isBuy": true, "qty": 97}, {"price": 4446, "isBuy": true, "qty": 99}], "symbol": "LKH", "venue": "BIZEX", "ts": "2016-04-13T05:57:03.275491074Z"}, {"ok": true, "asks": [{"price": 4768, "isBuy": false, "qty": 105}, {"price": 4819, "isBuy": false, "qty": 7855}, {"price": 4842, "isBuy": false, "qty": 7855}, {"price": 4865, "isBuy": false, "qty": 7855}, {"price": 4925, "isBuy": false, "qty": 53}, {"price": 4936, "isBuy": false, "qty": 99}, {"price": 4950, "isBuy": false, "qty": 98}, {"price": 4951, "isBuy": false, "qty": 99}, {"price": 4984, "isBuy": false, "qty": 98}, {"price": 4998, "isBuy": false, "qty": 97}, {"price": 5000, "isBuy": false, "qty": 99}, {"price": 5032, "isBuy": false, "qty": 97}], "bids": [{"price": 4745, "isBuy": true, "qty": 2144}